3142 5450
528 409 607 469 m
785 453 793 465 .
1022 468 1031 479 ,
1369 368 2214 475 ΡΒΑΕΡΑΤΓα’

446 566 449 569 ’
523 573 875 660 confugere
934 532 1307 661 cogeretlir.
1424 562 1985 659 palaeographiae
2056 548 2282 643 autem‘
2352 580 2766 641 vehementer
2831 578 3028 642 doleo

524 666 952 752 nullamfere.
982 663 1291 752 rationem
1338 712 1371 752 a
1420 702 1519 752 me
1562 690 1790 752 haberi
1835 690 2166 771 potuisse,
2221 712 2354 753 eam
2402 693 2488 755 ob
2520 710 2798 766 eausam,
2847 695 3030 773 quod

522 803 781 863 deerant
827 801 965 881 typi
1008 800 1229 864 idonei
1274 804 1355 863 ad
1398 822 1594 863 nexas
1639 801 1776 865 sive
1821 802 2050 886 ligatas
2089 800 2490 884 potissimum
2523 802 2740 865 literas
2767 802 3029 865 imitan-

522 916 671 987 das,
722 934 837 975 uec
885 913 1089 975 libero
1138 914 1373 976 homini
1422 914 1732 977 Helvetio
1777 914 2011 997 regalis
2056 914 2261 998 aliqua
2311 916 2734 977 munificentia
2781 918 3024 977 subve-

520 1025 766 1101 niebat,
838 1046 1041 1108 neque
1104 1025 1165 1087 in
1214 1026 1385 1089 dubii
1429 1025 1641 1090 exitus
1685 1026 2008 1107 inceptum
2051 1025 2278 1089 nimios
2323 1032 2614 1107 sumptus
2659 1020 2729 1089 ut
2771 1026 3024 1109 impen-

520 1138 697 1201 deret
730 1137 1215 1201 honestissimus
1256 1140 1654 1219 redemptor,
1704 1159 1849 1201 meo
1881 1140 2019 1202 iure
2049 1140 2382 1219 postulare
2413 1151 2728 1220 poteram.
2805 1130 3024 1203 N'emo

518 1250 715 1332 igitur
758 1252 877 1311 hac
924 1252 1001 1313 de
1047 1272 1117 1312 re
1164 1272 1405 1312 meeum
1448 1250 1696 1333 litiget,
1751 1252 1850 1313 vel
1899 1253 2059 1313 adeo
2107 1251 2516 1334 digladietur.
2607 1254 2758 1314 Non
2805 1252 3028 1332 potui,

516 1362 796 1445 iuquam.
890 1365 996 1423 Tu
1026 1362 1079 1424 si
1116 1364 1445 1442 potueriS,
1497 1383 1624 1447 ego
1653 1364 1952 1471 plaudam
1983 1384 2126 1424 cum
2165 1362 2412 1467 primis.
2503 1363 2761 1427 Utinam
2807 1375 3020 1425 autem

516 1475 802 1554 placeret
842 1474 1139 1555 Koppio,
1179 1472 1271 1535 V.
1308 1472 1443 1549 Cl.‚
1480 1475 1584 1537 cui
1615 1475 1676 1536 in
1708 1477 1830 1537 hoc
1861 1496 2094 1557 genere
2129 1495 2344 1537 omnes
2379 1498 2539 1535 nune
2570 1476 2806 1555 primas
2839 1477 3019 1537 defe-

518 1598 667 1647 runt
685 1631 702 1659 ‚
747 1586 845 1649 vel
871 1566 1180 1669 integram
1204 1586 1745 1670 palaeographiae
1771 1587 1956 1648 etiam
1988 1586 2256 1647 Latinae
2282 1587 2634 1649 doctrinam
2661 1608 3018 1669 exponere,

426 1680 431 1688 ¹
518 1700 618 1759 vel
664 1698 943 1761 eiusdem
990 1700 1207 1760 saltem
1265 1700 1709 1783 compendium
1769 1698 2155 1761 discentibus
2203 1698 2542 1763 exhibere!
2665 1703 2804 1762 Nec
2849 1722 3022 1763 vero

516 1810 709 1887 hodie
752 1822 905 1891 post
947 1811 1475 1894 lithographicam
1524 1823 1722 1873 artem
1771 1810 2083 1872 inventam
2131 1832 2235 1873 res
2273 1824 2368 1871 est
2401 1812 2582 1878 nimis
2613 1822 3020 1903 sumptuosa,

518 1922 794 2006 ideo-que
841 1921 1101 1985 eruditis
1134 1922 1495 1986 hominibus
1530 1926 1869 2006 denegata.
1959 1923 2274 1985 Libenter
2305 1922 2594 2007 equidem
2627 1924 2726 1985 vel
2761 1935 3021 1988 eentum

516 2035 760 2096 tabulas
828 2033 1334 2117 lithographicas
1403 2034 1571 2097 libro
1641 2057 1784 2098 meo
1851 2034 2156 2118 subiungi
2225 2057 2545 2100 curassem
2575 2080 2592 2109 ,
2671 2038 3021 2099 dummodo

514 2147 815 2225 licuisset.
1025 2142 1033 2169 ⁶
1104 2153 1108 2157 ’

688 2258 859 2322 Meis
898 2271 1103 2321 autem
1150 2259 1215 2321 in
1255 2260 1768 2324 adnotationibus
1801 2259 2282 2325 conscribendis
2317 2260 3020 2344 Hagenbuchianisque

516 2371 936 2451 excerpendis
981 2372 1284 2436 brevitati
1326 2372 1608 2437 maximo
1655 2394 1856 2454 opere
1900 2372 2144 2447 studui,
2217 2372 2332 2435 nisi
2387 2372 2492 2435 ubi
2537 2394 2641 2435 res
2701 2372 2874 2453 ipsa,
2945 2384 3022 2435 ut

518 2482 708 2544 latius
754 2483 1137 2566 aliquantum
1184 2485 1618 2565 exspatiarer,
1687 2488 2020 2549 suaderet:
2094 2484 2540 2567 inscriptiones
2601 2484 2761 2546 enim
2821 2506 3018 2567 quam

514 2596 819 2675 plurimas
863 2593 926 2656 in
974 2576 1355 2676 compendio
1400 2596 1644 2659 licitum
1689 2608 1895 2671 esset,
1941 2618 2068 2660 non
2121 2618 2278 2659 vero
2323 2597 2810 2661 commentarios
2858 2599 3017 2659 dare

516 2706 989 2770 constitueram.
1132 2709 1272 2787 Qua
1348 2708 1414 2770 in
1484 2731 1559 2772 re
1639 2708 1694 2771 si
1772 2708 1926 2794 quid
2003 2720 2332 2790 peccatum
2406 2720 2536 2784 est,
2616 2710 2861 2772 abunde
2917 2708 3014 2784 id,

516 2819 793 2901 opinor,
856 2819 1370 2901 compensabitur
1426 2821 1778 2904 appendice
1839 2821 2074 2894 altera,
2147 2821 2475 2885 variorum
2521 2821 2824 2902 epistolas
2870 2822 3016 2903 epi-

517 2931 852 3016 graphicas
902 2932 1302 3011 continente,
1352 2955 1546 3017 quas,
1596 2936 1715 2996 hae
1761 2931 1982 2996 e'dendi
2028 2933 2506 3014 opportunitate
2551 2933 2722 2995 haud
2767 2934 3012 3010 oblata,

515 3046 847 3107 diuturnae
887 3047 1183 3108 tenebrae
1228 3045 1291 3122 in
1334 3057 1664 3128 posterum
1698 3067 1956 3131 quoque
1985 3045 2396 3126 pressissent.
2489 3043 3016 3126 'sypoth'etarum

516 3157 857 3238 specimina
894 3157 1071 3238 ipse,
1129 3169 1355 3241 quater
1394 3157 1684 3240 singula,
1739 3156 2092 3221 emendavi.
2182 3159 2466 3220 Errores
2517 3157 2796 3240 aliquot,
2857 3177 3020 3238 per-

515 3289 756 3350 paucos
800 3267 1032 3345 tamen,
1082 3270 1174 3331 sie
1216 3291 1473 3354 quoque
1516 3271 1915 3346 remansisse,
1951 3291 2269 3352 nunquam
2299 3247 2580 3352 negabo.
2643 3271 2770 3330 Sed
2799 3269 3016 3331 nullus

515 3382 919 3462 publicorum
968 3403 1303 3444 censorum
1345 3385 1646 3466 (quorum
1685 3382 2001 3467 benignus
2046 3403 2212 3443 nune
2255 3391 2352 3443 est
2391 3381 2718 3452 numerus)
2765 3380 3014 3444 erroris

513 3515 611 3556 me
651 3507 984 3570 aecusat0,
1026 3506 1356 3578 antequam
1394 3493 1598 3557 libros
1631 3481 1887 3571 omnes,
1935 3515 2204 3576 quorum
2249 3491 2690 3577 auctoritatem
2737 3490 3016 3575 singulis

511 3607 575 3668 in
612 3605 771 3669 locis
813 3607 1028 3680 laudo,
1075 3629 1209 3688 ipse
1238 3607 1612 3690 inspexerit.
1703 3605 1960 3670 Etenim
1998 3605 2168 3681 scio,
2217 3625 2314 3668 me
2353 3614 2417 3666 et
2451 3613 2751 3666 accurate
2785 3603 3013 3667 titulos

511 3719 1021 3800 transcripsisse,
1093 3732 1155 3783 et
1220 3695 1480 3797 sedulo,
1554 3731 1627 3784 ut
1663 3718 1884 3782 -ufficii
1949 3716 2071 3780 mei
2135 3728 2312 3791 erat,
2381 3735 2601 3779 omnes
2657 3715 2908 3778 tabulas
2972 3737 3012 3779 a

478 3823 862 3912 'typothetis
898 3807 1051 3895 'mihi
1089 3832 1308 3894 missas
1348 3831 1739 3908 correxisse.

682 3945 1015 4026 Apparatu
1046 3956 1250 4006 autem
1282 3945 1837 4032 Hagenbuchiano
1876 3917 2231 4005 accuratius
2265 3939 2609 4015 recensito,
2658 3938 3005 4016 librorum,

510 4055 737 4140 quibus
783 4068 1116 4137 praeterea
1160 4077 1309 4118 usus
1355 4057 1534 4132 sum,
1583 4056 1848 4118 indicem
1895 4077 2034 4117 eum
2082 4058 2405 4117 dumtaxat
2451 4055 2536 4115 ob
2583 4053 2772 4113 finem
2818 4053 3010 4114 exhi-

509 4167 673 4242 bea,
722 4181 790 4230 ut
834 4181 898 4231 et
942 4179 1165 4244 notae,
1215 4169 1442 4252 quibus
1488 4169 1776 4253 singulos
1824 4167 2191 4251 designavi,
2246 4164 2492 4228 facilius
2538 4163 3001 4247 intelligantur,

507 4290 594 4354 et,
643 4278 753 4364 qui
798 4280 947 4343 mihi
992 4283 1197 4346 adhue
1240 4281 1593 4356 defuerint,
1642 4279 1851 4342 statim
1894 4259 2242 4342 lectoribus
2287 4285 2616 4358 appareat.

649 4436 971 4505 seribebam
1014 4449 1209 4501 Tur-ici
1252 4453 1387 4532 ipsis
1427 4447 1694 4502 Kalendis
1737 4450 2006 4502 Ianuariis
2049 4429 2130 4500 Μ.
2169 4445 2384 4499 DCCC.
2423 4443 2671 4500 XXVII.
