3142 5450
1022 309 1836 397 ΡΒΑΕΕΑΤῙα
2657 333 2696 398 9

162 514 493 589 quacun:
522 501 837 587 exemplis
874 500 1097 566 doceri
1126 512 1379 583 potest,
1434 500 1578 565 fere
1619 499 2022 585 posthabito,
2056 502 2386 567 Romanae
2421 498 2698 588 antiqui-

160 618 317 681 tatis
364 617 719 701 liraecipna
762 617 931 679 ratio
974 617 1347 679 haberetur.
1434 612 1800 699 Digerendi
1839 610 2040 699 igitir
2077 625 2224 677 ante
2263 615 2475 679 omnia
2513 628 2698 681 erant

164 731 345 795 tituli
390 750 538 795 eum
572 730 643 793 in
688 731 945 795 modum
963 772 985 805 ,
1032 739 1103 792 ut
1146 727 1507 814 quicunque
1548 726 1824 801 inistam
1855 726 2244 810 disciplinam
2275 726 2692 806 incumberet,

162 844 425 909 facilius
450 864 645 928 quam
676 842 985 907 consultis
1014 841 1193 907 libris
1234 839 1483 917 Smetii,
1512 840 1806 916 Gruteri,
1833 840 2142 915 Reinesii,
2181 842 2433 923 Sponii,
2468 841 2692 920 Donii‚

168 958 501 1031 fabri-eui,
526 954 741 1030 Gudii,
764 954 1145 1045 Muratorii‚
1170 953 1443 1029 Maffeii,
1466 964 1529 1017 et
1552 953 1820 1029 Donati,
1847 956 2150 1037 (qnorum
2173 957 2394 1019 decem
2412 956 2700 1019 virorum

170 1073 523 1134 doctorum
584 1090 777 1133 curas
836 1089 1256 1151 magnarum
1310 1064 1789 1131 collectionum
1847 1068 2004 1131 trito
2059 1067 2310 1131 iamiam
2374 1070 2698 1135 vocabulo

168 1184 733 1265 comprehendere
775 1182 989 1261 soleo)
1038 1180 1365 1265 gravioris
1408 1179 1716 1243 momenti
1749 1180 1970 1245 titulos
2009 1180 2358 1265 plerosque
2397 1184 2480 1243 ad
2509 1192 2701 1263 caput

168 1296 459 1379 quodvis
488 1294 835 1377 praecipue
864 1304 1247 1381 spectantes,
1288 1314 1421 1357 uno
1462 1292 1639 1357 velut
1669 1305 2048 1375 conspectu,
2097 1314 2213 1361 nec
2251 1294 2384 1374 sine
2427 1298 2696 1379 quadam

168 1408 607 1473 delectatione
648 1418 879 1489 posset·
915 1406 1333 1488 perlustrare.
1425 1406 1676 1469 Verum
1717 1407 1888 1469 hunc
1930 1416 2204 1488 propter
2247 1406 2434 1471 finem
2478 1407 2700 1489 plures

168 1520 327 1585 mihi
370 1523 633 1585 classes
679 1530 860 1584 erant
900 1516 1343 1597 instituendae,
1392 1519 1720 1605 longeque
1746 1518 1930 1595 aliae,
1985 1541 2060 1585 ae
2101 1519 2304 1583 visum
2343 1530 2482 1583 erat
2516 1520 2700 1601 prio-

170 1633 383 1709 ribus,
438 1633 675 1716 quibus
704 1654 895 1717 quam
924 1632 1265 1697 maximum
1294 1630 1792 1713 inscriptionum
1815 1652 2142 1697 nnmerum
2173 1632 2482 1717 colligere
2509 1633 2698 1697 unice
2759 1644 2782 1663 ‘

168 1745 589 1828 propositum
646 1746 899 1810 fnisset.
990 1745 1137 1826 Qua
1195 1745 1263 1811 in
1315 1766 1391 1809 re
1432 1744 1758 1809 fatendum
1803 1766 1956 1813 sane
1999 1744 2154 1809 mihi
2194 1747 2424 1821 video,
2503 1766 2698 1809 uinum

170 1859 473 1943 idemque
518 1880 741 1921 saxum
787 1859 930 1941 pari
971 1858 1115 1923 fere
1157 1857 1297 1921 iure
1342 1857 1597 1921 diversa
1640 1878 1834 1939 saepe
1877 1859 1962 1953 ad
1999 1856 2209 1940 capita
2253 1858 2541 1939 potuisse
2591 1879 2699 1921 re-

166 1970 369 2047 ferri,
434 1971 727 2054 quamvis
774 1970 1469 2035 committendum·non
1510 1982 1716 2046 esset,
1777 1980 1850 2033 ut
1892 1971 1995 2035 vel
2041 1970 2248 2035 dedita
2293 1990 2530 2052 opera,
2593 1971 2700 2035 vel

171 2082 402 2165 supina
448 2084 597 2161 illa,
660 2106 784 2169 qua
832 2105 1019 2148 nemo
1062 2081 1461 2167 frequentius
1506 2082 1882 2149 Muratorio
1925 2086 2253 2167 peccavit,
2301 2084 2700 2169 negligentia

170 2196 269 2259 his
320 2210 515 2261 terve
562 2207 997 2278 repeteretur.
1100 2197 1405 2269 Attamen
1446 2195 1598 2259 huic
1641 2216 1772 2259 non
1812 2193 1950 2259 levi
1990 2198 2240 2281 quidem
2285 2197 2696 2262 incommodo

175 2332 369 2393 quum
414 2310 695 2373 indicum
742 2330 867 2393 ope
911 2310 1153 2373 mederi
1196 2323 1459 2374 conatus
1503 2328 1642 2372 sum
1663 2352 1682 2383 ,
1751 2317 1888 2371 tum
1930 2308 2198 2372 subinde
2241 2296 2550 2373 lectorem
2609 2330 2720 2375 eo·

176 2424 547 2499 amandavi,
626 2422 747 2487 alia
800 2422 911 2487 uhi
966 2422 1313 2486 inveniret*
1341 2444 1514 2500 rem,
1579 2422 1658 2485 de
1713 2442 1842 2505 qua
1899 2442 2092 2504 quum
2153 2420 2422 2485 maxime
2476 2442 2694 2489 sermo

174 2548 385 2611 esset,
456 2537 873 2603 illustratura.

347 2648 611 2712 Verum
648 2649 719 2715 id
756 2650 823 2713 in
866 2649 1089 2732 primis
1132 2652 1543 2734 spectandum
1591 2660 1728 2715 erat
1747 2694 1765 2728 ,
1813 2662 1886 2715 ut
1929 2672 2014 2715 ex
2055 2650 2384 2715 titulorum
2423 2652 2700 2735 quadra-

176 2763 355 2848 ginta
418 2762 683 2826 circiter
739 2762 1017 2826 millihus
1076 2785 1114 2828 a
1170 2785 1269 2828 me
1314 2763 1656 2846 perlectis,
1727 2765 2162 2850 unusquisqne
2206 2785 2467 2842 eorum,
2533 2783 2697 2847 quos

174 2875 595 2962 selegissem,
662 2887 797 2940 tum
854 2877 1055 2960 ipsius
1112 2889 1259 2940 ante
1308 2876 1519 2942 omnia
1577 2877 1934 2963 argumenti
1989 2877 2342 2962 gravitate,
2417 2888 2548 2939 tum
2605 2875 2701 2956 (id
2795 2910 2812 2930 ·

178 2993 357 3072 quod
386 2988 759 3071 proximum
789 2993 952 3068 erat)
997 2989 1449 3054 sententiarum
1492 2988 1932 3074 sermonisque
1967 2989 2280 3073 elegantia
2299 3033 2318 3064 ,
2363 3001 2498 3052 tum
2521 3033 2540 3066 ,
2585 2987 2698 3052 ubi

180 3101 737 3183 operaepretium
766 3114 961 3179 esset,
1010 3101 1363 3166 rusticitate
1404 3122 1668 3188 qnoque
1713 3123 1852 3177 sua,
1899 3101 2172 3191 Latinae
2209 3102 2469 3188 linguae
2503 3097 2700 3166 vic'is-

179 3213 489 3276 situdines
517 3214 899 3298 fatalemque
928 3219 1179 3278 tandem
1208 3214 1533 3280 interitum
1569 3219 2066 3290 demonstrante,
2101 3215 2391 3279 studioso
2418 3235 2490 3277 >se
2521 3235 2698 3279 com·

178 3329 539 3389 mendaret.
617 3327 800 3407 Quae
831 3349 981 3391 sane
1012 3309 1350 3392 arbitraria
1382 3329 1553 3390 haud
1580 3348 1735 3391 raro
1767 3339 1906 3391 erat
1936 3327 2156 3409 optio;
2203 3326 2510 3410 siquidem
2541 3327 2699 3391 alius

185 3439 517 3501 reiecisset
548 3440 1087 3521 persaepe,‘mihi
1124 3462 1287 3522 quae
1327 3439 1806 3503 transcribenda
1843 3441 2256 3514 videbantur3
2301 3440 2494 3504 immo
2529 3439 2694 3522 ipae,

182 3549 389 3615 libere
435 3553 665 3626 dicam,
713 3563 1022 3638 quattuor
1056 3574 1178 3634 per
1216 3573 1415 3617 annos
1460 3554 1590 3617 hoc
1631 3553 1694 3614 in
1739 3552 2004 3638 negotio
2041 3528 2340 3616 uersatus
2378 3552 2505 3618 alio
2541 3563 2702 3615 tcm-

182 3685 345 3745 pore
400 3663 535 3727 aliis
582 3665 741 3728 alios
784 3665 1063 3729 fortasse
1104 3666 1547 3748 praetulissem
1593 3664 1850 3730 titulos:
1901 3664 2168 3744 (infinita
2214 3677 2310 3729 est
2351 3663 2521 3728 enim
2566 3665 2699 3743 res)

186 3797 299 3839 nec
340 3791 554 3840 tamen
598 3777 661 3840 in
705 3777 889 3841 nimis
934 3778 1143 3841 multis
1190 3778 1459 3842 abissem
1498 3801 1533 3842 a
1579 3779 1902 3863 praesenti
1929 3799 2072 3842 meo
2101 3776 2365 3842 iudicio.
2443 3775 2736 3852 Etenim.

188 3889 501 3953 affirmare
548 3891 782 3964 ausim,
846 3892 1193 3977 quemlibet
1234 3893 1361 3955 huc
1406 3891 1791 3957 collocatum
1837 3905 2050 3955 certas
2091 3903 2369 3974 propter
2407 3890 2699 3955 rationes

186 4022 369 4065 sunm
415 4004 629 4068 locum
672 4005 869 4082 tueri,
928 4027 1141 4090 neque
1183 4003 1502 4090 ingratum
1544 4007 1696 4070 fore
1735 4005 1991 4070 lectori.
2403 4029 2410 4034 ·

354 4117 505 4180 Erit
534 4139 723 4194 sane,
768 4119 879 4181 ubi
924 4117 1127 4182 minus
1169 4118 1361 4202 periti
1404 4139 1706 4183 censores
1749 4101 2354 4194 stomachabuntur,
2401 4140 2594 4182 unum
2637 4129 2702 4182 et

190 4229 455 4292 alterum
496 4251 748 4307 saxum,
798 4229 1087 4294 mirabile
1130 4231 1253 4294 sibi
1296 4231 1530 4308 visum,
1575 4232 2096 4314 praetermissum
2141 4253 2279 4295 esse
2301 4277 2318 4307 ,
2366 4227 2584 4316 idque,
2627 4243 2703 4294 ut
2763 4301 2768 4308 ,

194 4341 283 4418 fit,
320 4343 693 4408 fastidiosae
722 4345 969 4408 cuidam
1001 4341 1424 4431 negligentiae
1455 4343 2068 4410 fortassetribuent.
2159 4345 2288 4454 Sed
2317 4366 2696 4430 quamquam

192 4453 483 4520 facillime
530 4456 819 4520 accidere
862 4469 1157 4540 poterat,
1214 4471 1284 4522 ut
1328 4458 1389 4521 iu
1434 4471 1559 4522 tam
1597 4457 1908 4528 immensa
1947 4456 2438 4544 inscriptionum
2485 4456 2698 4520 multi·
2787 4465 2804 4488 ·

196 4568 425 4646 tudine,
474 4569 693 4652 plures
737 4571 963 4656 dignae
1002 4571 1249 4656 utique,
1292 4593 1465 4658 quae
1508 4573 1634 4636 huc
1675 4570 2132 4652 insererentur,
2181 4590 2319 4634 sese
2359 4568 2512 4633 mihi
2547 4569 2700 4632 sub·

198 4679 527 4758 ducerent,
576 4685 875 4747 consulto
916 4674 1123 4747 tamen
1167 4685 1534 4771 plerasque,
1583 4706 1742 4770 quas
1787 4681 2206 4747 desideratum
2243 4667 2327 4746 iri
2361 4703 2492 4766 ego
2529 4677 2698 4766 quo·
2803 4691 2810 4694 “

2655 4990 2674 5024 Κ
