3142 5450
253 321 306 389 ς.
347 327 404 378 1.
483 317 816 380 IVPITER
867 317 1054 378 OPT.
1097 315 1302 378 MAX.
1345 315 1697 393 EIVSQVE
1738 315 2257 386 COGNOMINA.
2296 395 2305 406 ·
2394 321 2541 397 289.

181 457 358 514 1247.
397 452 434 485 “
453 451 626 510 IOVI
662 450 1006 536 LATIARI
1049 452 1076 510 Ιὶ
1117 448 1434 510 OPTIMO
1476 448 1812 508 MAXIMO
1914 448 2549 510 CONSERVATORI

38 547 190 604 IMP-
249 545 481 606 CAES.
548 551 574 606 ΙΙ
633 547 720 606 Μ.
773 546 1069 605 AVREL.
1124 545 1532 603 ANTONINI
1583 543 1773 602 AVG.
1822 543 1893 602 P.
1937 545 2007 613 P.
2052 545 2294 603 ARAB.
2336 543 2543 604 MAX.

39 641 306 698 ADIAB.
347 639 556 699 MAX.
603 639 631 700 ΙΙ
673 641 746 700 Ρ.
788 639 1196 700 VALERIVS
1238 637 1789 699 SEPTIMIANVS
1830 638 2117 696 PRAEF.
2156 639 2183 698 ΙΙ
2227 640 2395 698 MIL.
2439 637 2547 698 ET

41 733 274 792 TITVS
319 733 698 794 CEIONIVS
737 733 1298 794 AVRELnlAst
1337 733 1625 792 PRAEF.
1663 732 2059 792 ANNONAE
2098 735 2207 792 ΕΤ
2234 724 2319 797 Μ
2348 735 2377 794 U
2400 733 2549 792 AN-

37 827 334 888 TONIVS
385 828 850 890 FLAVIANVS
889 831 960 896 '7
1006 815 1340 888 COH.'V'1’
1385 828 1412 888 Ι
1479 827 1775 887 PRAET.
1828 829 1938 886 ET
1980 827 2049 886 C.
2092 825 2373 886 IVLIVS
2408 827 2548 887 CA-

38 923 442 982 'I'HERINVS
487 925 514 983 ΙΙ
558 923 896 982 FLAMEN
931 923 1150 982 DIAL.
1187 911 1308 982 ᾖ
1343 923 1503 982 VIR.
1551 923 1577 982 ΙΙ
1624 921 1903 996 QVINQ.
1947 921 2257 981 ALBANI
2294 921 2477 981 MON
2520 923 2547 982 ΙΙ

39 1015 318 1074 LVSTR.
386 1018 668 1076 FECER.
733 1051 800 1064 —
899 1017 1110 1076 Albae.
1179 1019 1340 1078 Gud.
1386 1023 1454 1088 5,
1493 1023 1550 1078 9.
1606 1017 1748 1074 Νοιι
1786 1017 2027 1096 quidem
2064 1018 2419 1076 nominatim
2470 1037 2549 1075 ex

37 1111 274 1188 Ligorio
321 1131 456 1170 enm
497 1123 802 1172 mutuatus
847 1125 940 1170 est
983 1113 1216 1172 Gudius
1234 1156 1250 1184 ,
1311 1113 1419 1170 sed
1463 1111 1851 1170 nihilominus
1884 1123 1953 1169 ut
1980 1115 2189 1189 apuria
2219 1111 2547 1170 reiieiendn

37 1209 140 1261 erit
169 1218 430 1283 propter
459 1207 665 1266 titulos
701 1209 882 1264 Amb.
923 1217 984 1265 et
1016 1207 1244 1276 Adiab„
1287 1208 1392 1286 qni
1429 1205 1644 1264 Severi
1676 1205 1953 1276 fuerunt,
1998 1225 2122 1264 non
2154 1205 2546 1275 caracam-23

35 1300 290 1358 eiusdem
325 1319 474 1359 vero
513 1304 824 1360 commatis
866 1313 960 1358 est
997 1301 1155 1360 Gud.
1199 1307 1308 1370 57,
1354 1305 1412 1360 4.

173 1419 350 1476 1248.
417 1411 590 1472 IOVI
649 1413 1060 1474 MONITORI
1126 1413 1152 1474 ΙΙ
1213 1409 2013 1486 CONSERVATORIQVE
2088 1413 2116 1472 ΙΙ
2195 1453 2463 1476 ......
2514 1413 2553 1472 ΙΙ-

37 1505 203 1564 LEG.
260 1507 460 1566 AVG.
517 1499 915 1570 LEG.'XII'1.
984 1508 1178 1568 GEM.
1258 1507 1544 1566 SOMNO
1622 1506 2017 1566 MONITVS.
2082 1507 2109 1566 ΙΙ
2186 1539 2249 1550 -
2356 1505 2547 1564 Albae

37 1600 346 1658 Cau-olinae
363 1645 382 1670 ‚
419 1613 632 1679 postea
672 1601 1092 1678 Vindobonae.
1148 1601 1354 1662 Maffei
1385 1603 1540 1658 Mus.
1576 1603 1715 1660 Ver.
1747 1607 1893 1670 258,
1942 1609 1998 1662 1.
2066 1597 2309 1660 Seivert
2345 1619 2406 1678 p.
2448 1605 2543 1662 49.

173 1700 352 1758 1249.
623 1698 696 1752 In
731 1717 848 1750 una
881 1699 1006 1750 basi
1016 1717 1038 1750 .-
1640 1703 1703 1748 in
1739 1698 1927 1750 altera
1942 1716 1964 1750 .·

755 1789 930 1848 IOVI
1457 1819 1465 1828 ·
1551 1787 2039 1848 CVRATORES

365 1880 888 1958 OPSEQVENTI
932 1883 1302 1944 PVBLICE.
1405 1884 1601 1942 IOVI.
1650 1883 2116 1942 LIBERTATI.
2178 1917 2241 1928 —

35 1975 473 2056 Bngnacavalli.
517 1977 678 2036 Mur.
715 1984 810 2046 10,
841 1983 896 2038 5.
948 1977 1182 2054 (Ma-ssei
1212 1980 1442 2034 osser-v.
1468 1981 1593 2034 leet.
1621 1983 1677 2047 5,
1722 1977 1881 2054 196.)
1928 1979 2039 2036 cfr.
2083 1977 2311 2036 Marini
2334 1981 2471 2034 Aut
2490 1985 2547 2038 2.

37 2091 88 2147 p.
118 2077 280 2142 696„
331 2074 436 2149 qni
467 2073 664 2150 iungit
684 2073 814 2126 Iovi
848 2073 1133 2128 Libertate·
1169 2083 1230 2129 et
1269 2073 1535 2133 conferri
1574 2071 1769 2130 iubet:
1811 2072 2037 2132 Mutat.
2074 2077 2203 2142 587,
2241 2079 2322 2140 1.,
2372 2091 2551 2152 quam

39 2165 296 2224 dabimus
324 2169 626 2242 integram
651 2167 716 2222 in
741 2165 952 2242 Capite
977 2166 1052 2224 de
1077 2165 1282 2224 Rebus
1308 2169 1524 2225 sacris.
1560 2170 1610 2236 §.
1642 2165 2090 2224 Dedicationes.
2122 2166 2220 2244 (L.
2246 2165 2549 2225 AIENVS

37 2259 100 2316 L.
148 2261 218 2318 F.
282 2259 367 2333 Q.
427 2258 892 2338 BAEBATIVS
959 2257 1140 2318 SEX.
1202 2261 1274 2318 F.
1339 2259 1627 2319 AEDEM
1688 2259 2160 2320 DEDICARVN
2230 2261 2257 2320 ΙΙ
2326 2259 2549 2318 IOVIS

37 2353 298 2412 LIBERI
339 2353 720 2412 FVRFONE
761 2351 906 2430 eet.)
984 2354 1150 2412 Idem
1193 2353 1492 2413 Mai-iuius
1532 2356 1598 2412 in
1640 2353 1878 2412 schedis
1920 2356 2045 2418 nnis
2090 2352 2347 2412 habebat
2394 2353 2551 2430 lapi-

41 2449 158 2505 dem
189 2459 584 2524 corruptum,
633 2449 698 2506 in
730 2467 856 2526 quo
887 2447 1332 2506 memorabatur
1369 2447 1702 2508 IVPITER
1738 2447 2173 2508 IVVENTVS.
2222 2449 2341 2506 nisi
2373 2466 2551 2507 error

39 2541 290 2600 suberat.
337 2574 398 2586 -
459 2542 532 2600 In
563 2541 695 2599 ead.
731 2543 1009 2619 inscript.
1045 2543 1207 2601 Mur.
1236 2549 1348 2606 587
1365 2585 1382 2613 ,
1419 2547 1474 2600 1.
1515 2553 1885 2601 memoratur
1921 2545 2103 2601 etiam
2133 2545 2341 2598 Genius
2368 2544 2547 2600 Iovis.

39 2655 90 2694 v.
129 2635 600 2694 Winekehnnnn
643 2639 905 2692 Monam.
940 2637 1174 2693 antichi.
1205 2645 1261 2694 1.
1309 2657 1372 2714 p.
1413 2641 1472 2698 6.

179 2738 356 2793 1250.
399 2731 574 2803 IOVI
609 2730 1030 2791 PAGANICO
1079 2731 1311 2791 SACR.
1365 2732 1392 2791 ΙΙ
1434 2732 1548 2789 Ex
1585 2731 2152 2791 INDVLGENTIA
2188 2729 2550 2791 DOMINO-

41 2824 198 2885 RVM
230 2826 258 2884 n
291 2823 756 2885 SVCCESSVS
799 2825 1198 2885 PVBLICVS
1245 2826 1710 2893 MVNICIPVM
1736 2826 1760 2885 ΙΙ
1790 2825 2328 2886 ASISINATIVM
2369 2826 2561 2887 SER.·

41 2920 573 2979 AMOENIANVS
624 2920 649 2979 ΙΙ
691 2918 976 2979 AEDEM
1017 2920 1186 2979 CVM
1221 2919 1707 2979 PORTICIBVS
1746 2920 1803 2977 A
1842 2919 2057 2979 SOLO
2102 2924 2127 2979 ΙΙ
2176 2918 2335 2979 SVA
2371 2921 2545 2979 PEG.

40 3014 288 3073 FECIT.
341 3012 546 3097 ITEM
591 3012 939 3072 MENSAM
979 3012 1088 3071 ET
1127 3014 1382 3073 ARAM.
1427 3014 1504 3072 D.
1545 3014 1625 3073 D.
1673 3046 1737 3058 —
1840 3016 2051 3073 Asisii.
2094 3014 2271 3073 Grut.
2307 3021 2415 3085 21,
2454 3022 2547 3075 11.

44 3108 182 3166 Gori
215 3108 478 3183 Symbol.
519 3113 574 3165 1.
615 3126 680 3183 p.
715 3115 847 3168 201.
918 3108 1046 3165 cfr.
1087 3108 1268 3167 Grnt.
1299 3114 1478 3177 1007,
1517 3117 1570 3167 7.
1616 3106 1777 3167 Mur.
1810 3114 1953 3179 158,
1984 3116 2041 3173 5.
2084 3120 2145 3167 et
2182 3114 2365 3177 1098,
2416 3114 2471 3169 5.

180 3208 359 3263 1251.
419 3201 450 3258 Ῑ
486 3199 541 3259 O
583 3200 648 3259 M
713 3200 740 3261 ΙΙ
813 3201 1199 3260 PATERNO
1264 3203 1290 3262 ΙΙ
1357 3202 1653 3261 AVREL.
1720 3202 2051 3262 VLPIuVs
2104 3202 2547 3263 Amv'ronn

45 3280 306 3355 OFFICI
351 3294 1228 3374 CORNJCVLARIORVM.1)
1266 3296 1340 3354 Ε.
1388 3297 1415 3355 ιι
1453 3296 1530 3353 v.
1566 3296 1641 3355 L.
1686 3296 1770 3357 M.
1813 3296 1952 3375 P.2)
2002 3328 2065 3341 -
2150 3286 2547 3375 Carlizhurgii.

45 3388 235 3448 Mafl’ei
272 3392 438 3445 Mus.
476 3391 618 3447 Ver
651 3394 796 3459 237,

107 3396 1416 3548 1)ν.ίΜ.-ιι-ιιι.1ηι·ρ.5ο4.12)ιιιι».
1455 3506 1562 3538 mer
1535 3492 1759 3549 riotops
1760 3494 1849 3539 ui.t

181 3578 360 3633 1252.
432 3571 606 3629 IOVI
669 3570 1029 3636 POENINO
1101 3573 1328 3631 dientes
1391 3576 1819 3710 inscriptiones
1888 3576 2025 3635 vide
2098 3577 2165 3634 in
2243 3577 2525 3631 Helvetia
2522 3594 2554 3629 e

43 3666 114 3723 N.
145 3674 280 3731 228.
327 3678 458 3745 neq.

183 3759 668 3834 1253.·10v1
685 3724 1123 3819 PRAESTITI
1183 3761 1210 3822 ΙΙ
1265 3762 1691 3822 HERCVLES
1726 3762 2034 3822 VICTOR
2082 3764 2109 3823 ΙΙ
2159 3764 2495 3823 DICAVIT
2520 3765 2549 3825 ΙΙ

45 3854 422 3913 BLANDVS
469 3854 594 3912 PR.
635 3822 1099 3914 RESTITVIT.
1149 3888 1212 3899 -
1293 3856 1538 3914 Romae.
1585 3856 1761 3915 Grnt.
1803 3858 1981 3927 1065,
2024 3866 2079 3917 2.
2140 3858 2303 3917 Mur.
2344 3870 2449 3928 10,
2490 3862 2552 3919 6.

47 3962 100 4008 et
125 3954 352 4009 iterum
383 3952 551 4018 1977,
589 3955 680 4007 12.
722 3948 834 4007 Est
864 3952 1336 4027 suspectissimam,
1371 3953 1552 4009 immo
1578 3953 1895 4010 manifesto
1926 3956 2155 4031 spuria,
2192 3956 2306 4013 etsi
2333 3952 2554 4012 Saxius

45 4046 202 4100 Mus.
237 4051 296 4101 1.
341 4062 404 4120 p.
435 4046 534 4104 56.
565 4044 630 4099 in
663 4062 722 4100 v.
759 4046 998 4099 Hercule
969 4064 1032 4098 es
1057 4046 1263 4101 Victor
1293 4046 1575 4114 hominis,
1618 4064 1741 4103 non
1766 4046 1883 4105 Dei
1913 4066 2132 4105 nomen
2164 4046 2552 4126 agnoscebat.

183 4143 361 4199 1254.
391 4136 834 4195 FORTVNAE
867 4138 892 4198 ΙΙ
921 4138 1162 4198 IOVIS.
1187 4138 1432 4199 PVERI
1461 4140 1487 4199 ΙΙ
1517 4139 2079 4201 PRIMIGENIAE.
2114 4174 2171 4185 —
2202 4142 2559 4201 Praeneste.

47 4230 246 4290 Museo
287 4231 704 4288 cnaramonti.
741 4252 806 4309 p.
837 4234 970 4295 166.

185 4332 356 4388 1255.
419 4324 728 4384 LICINIA
895 4315 1208 4386 LICINIA
1479 4328 1817 4389 OCTAVA

413 4418 726 4494 QVINTA
899 4422 1302 4483 PVRPVRIS
1477 4422 1827 4483 SATVRN.

587 4512 782 4573 IOVI.
863 4513 1204 4575 OPTIMO.
1287 4518 1626 4577 MAXIMO

790 4608 1310 4673 PVRPVRIONI.
1346 4646 1413 4659 —

49 4700 282 4762 Romae.
339 4702 588 4763 Oderie.
639 4723 702 4781 p.
735 4712 864 4769 185.
947 4705 1088 4767 sie:
1134 4707 1319 4767 Ceres
1365 4707 1709 4779 Oreiliana,
1771 4708 1969 4767 Diana
2008 4709 2307 4767 Rhesiana
2328 4750 2345 4779 ,
2402 4707 2565 4767 Her-
