3142 5450
1012 370 1816 464 PJRAEFATIO.
2413 374 2422 384 ’
2584 374 2758 446 15’

130 553 387 627 iidem,
435 551 493 615 si
538 551 691 617 mihi
738 550 941 615 visum
986 560 1189 625 esset,
1236 547 1549 613 collocari
1591 560 1892 633 poteraut
1936 548 2122 613 etiam
2173 562 2324 633 post
2375 550 2666 634 opifices.

136 667 259 731 Ab
312 664 585 729 illorum
642 662 895 769 qufliem
948 660 1309 725 ministeriis
1358 684 1553 747 quum
1609 662 1898 744 separari
1941 684 2072 728 nou
2114 676 2382 747 possent
2427 664 2660 741 officia,

134 799 317 864 quae
362 777 709 854 dicuntur,
778 778 1007 841 domus
1048 774 1425 859 Augustae,
1486 776 1563 839 de
1609 773 1708 838 his
1753 795 2012 859 quoque
2055 775 2122 839 in
2165 776 2482 859 lapidibus
2525 800 2670 861 sae-7

132 892 415 975 pissime
458 889 870 966 memoratis,
916 900 1219 973 quantum
1250 899 1474 953 nostro
1505 908 1630 971 pro
1661 887 1935 954 consilio
1964 889 2106 954 fieri
2138 890 2432 966 debebat,
2481 913 2672 957 acenq

134 1006 349 1067 ratius
395 1003 675 1089 egimus.
760 1002 1073 1067 Libertus
1108 1002 1379 1083 posthac
1422 1020 1457 1063 e
1496 1000 1806 1063 servitute
1843 999 2110 1067 emissos
2155 1002 2494 1086 civiliaque
2529 1006 2669 1079 iura

139 1120 425 1201 adeptos
486 1114 811 1190 comitati,
885 1112 1295 1197 pervenimus
1356 1114 1437 1175 ad
1478 1111 1721 1195 Populi
1763 1113 1962 1195 ipsius
2005 1126 2476 1181 sacrosanctam
2521 1138 2666 1180 cer-

138 1230 365 1314 tisque
406 1229 669 1313 legibus
714 1226 1079 1291 adstrictam
1122 1226 1538 1301 societatem,
1575 1224 1642 1288 in
1687 1225 1868 1289 cuius
1910 1226 2188 1313 imagine
2232 1230 2666 1292 adumbranda

140 1341 391 1405 civium
420 1361 689 1427 genera,
738 1340 1018 1415 ordines,
1066 1338 1267 1403 totius
1306 1337 1397 1401 rei
1434 1336 1728 1421 publicae
1752 1339 2050 1417 formam,
2096 1341 2304 1425 leges,
2349 1353 2660 1417 senatum,

140 1454 571 1540 magistratus
615 1452 869 1527 varios’,
930 1452 1251 1527 honores,
1326 1472 1588 1515 munera
1629 1473 1832 1535 usque
1877 1454 1957 1513 ad
1999 1452 2346 1517 novissima
2387 1454 2666 1517 Romani

37 1608 45 1617 -
142 1566 409 1649 imperii
474 1578 768 1648 tempora
824 1562 1287 1627 recensuimuS.
1396 1564 1618 1649 Leges
1693 1564 1940 1647 quidem
2003 1564 2210 1646 ipsas,
2297 1587 2450 1651 quas
2468 1578 2492 1644 ,¹
2572 1568 2664 1631 uti

144 1701 381 1762 spero,
432 1676 1194 1743 Klenziusillustrandas
1241 1674 1365 1739 sibi
1407 1688 1656 1753 sumet,
1700 1676 2090 1758 paucissimis
2137 1678 2460 1760 exceptis,
2509 1700 2666 1743 con-

144 1793 327 1856 sulto
368 1812 503 1855 non
544 1790 907 1875 attigimus;
954 1778 1159 1873 neque
1198 1788 1360 1851 enim
1398 1786 1462 1851 in
1498 1787 1576 1851 iis
1615 1787 2108 1871 interpretandis
2153 1812 2270 1854 nos
2319 1790 2474 1855 iuris
2525 1792 2675 1875 qui-⁸

146 1907 293 1968 dem
357 1902 761 1987 prudentiam
824 1922 1143 1987 nunquam
1194 1898 1477 1983 professi
1534 1900 1853 1964 nobismet
1911 1900 2068 1983 ipsis
2112 1902 2660 1979 satisfecissemus,

148 2040 269 2081 nec
330 2016 711 2099 simpliciter
754 2017 1003 2079 easdem
1046 2013 1415 2077 exscribere
1460 2014 1755 2076 vacabat.
1845 2013 2066 2078 Nolim
2111 2014 2347 2100 igitur,
2397 2037 2664 2101 quaeras

148 2131 571 2195 desideresve
612 2148 757 2193 meo
801 2126 867 2190 in
912 2126 1083 2190 libro
1126 2128 1201 2190 S.
1248 2124 1333 2189 C.
1381 2128 1457 2188 de
1490 2126 2024 2203 Bacchanalibus,
2073 2148 2190 2191 nec
2218 2129 2464 2213 Legem
2511 2130 2668 2193 Ser-

152 2242 419 2319 viliam,
472 2262 591 2305 nec
632 2239 1021 2304 iudiciariam
1067 2238 1313 2303 Galliae
1354 2237 1744 2320 Cisalpinae,
1793 2260 1912 2301 nec
1947 2240 2440 2304 Heracleensem
2479 2243 2668 2303 tabu-

152 2356 281 2417 lam
358 2357 463 2435 (ut
518 2356 847 2439 eleganter
906 2374 1047 2417 cum
1104 2354 1391 2439 Hugone
1450 2351 1752 2434 loquar),
1815 2372 1934 2415 nec
1991 2352 2200 2437 legem
2247 2330 2691 2435 Puteolanam¹

154 2468 393 2551 parieti
436 2466 763 2543 faciundo,
810 2487 931 2531 nec
972 2465 1237 2551 regiam,
1286 2485 1448 2549 quae
1495 2462 1766 2541 dicitur,
1797 2464 2204 2547 Vespasiani,
2251 2486 2456 2550 neque
2494 2468 2666 2531 Acta
2759 2448 2766 2455 ’

152 2580 267 2642 illa
310 2591 571 2643 senatus
614 2578 1057 2661 supposititia,
1103 2598 1223 2643 nec
1264 2578 1578 2641 Tabulam
1623 2577 2076 2641 alimentariam
2125 2576 2406 2653 Traiani,
2457 2596 2685 2663 neque·

156 2690 593 2771 Antiatinam,
640 2714 885 2779 neque,
950 2702 1019 2754 ut
1063 2691 1142 2754 ad
1184 2689 1493 2754 historica
1538 2690 1961 2776 progrediar,
2014 2692 2246 2756 Fastos
2291 2693 2662 2756 consulares

160 2829 241 2868 ac
278 2804 721 2888 triumphales,
754 2826 871 2868 nec
908 2805 1403 2868 Monumentum
1436 2803 1875 2885 Ancyranum,
1911 2825 2028 2868 nec
2067 2804 2518 2890 Torigniense,
2553 2827 2666 2868 ne-

158 2941 289 3004 que
318 2918 675 2982 orationem
711 2916 961 2982 Claudii
993 2915 1316 2992 Caesaris,
1365 2937 1553 3002 quae,
1599 2917 1836 2999 optime
1867 2917 2022 2982 mihi
2059 2929 2237 2992 nota,
2275 2916 2412 2982 fere
2451 2917 2662 2982 omnia

160 3031 421 3114 saepius
464 3031 587 3093 iam
630 3029 781 3092 alibi
822 3040 969 3092 sunt
1027 3027 1332 3110 repetita.
1422 3028 1892 3092 Abstinendum
1949 3029 2110 3094 enim
2171 3042 2308 3092 erat
2354 3052 2389 3093 a
2429 3030 2664 3094 talibus

158 3143 309 3208 ideo
354 3163 639 3228 quoque,
686 3154 758 3205 ut
796 3141 1009 3206 locum
1040 3139 1203 3218 aliis,
1250 3136 1695 3206 minutioribus
1723 3141 2026 3218 fortasse,
2059 3163 2486 3206 reservarem.
2537 3144 2668 3205 Sed

162 3277 309 3318 cum
336 3253 817 3340 magistratibus
846 3253 1167 3320 artissimo
1198 3252 1457 3318 vinculo
1490 3252 1832 3318 coniuncta
1862 3253 2134 3318 vidimus
2175 3253 2379 3320 officia
2417 3255 2666 3320 minora

166 3367 603 3450 apparitorum
624 3411 657 3456 ⁹.
690 3366 1043 3430 scribarum
1063 3411 1081 3442 ,
1130 3373 1504 3431 exactorum
1524 3410 1543 3443 ,
1592 3367 2089 3442 tabulariorum;
2135 3389 2276 3430 cum
2323 3379 2460 3432 tota
2501 3389 2662 3432 vero

162 3502 231 3544 re
275 3476 532 3563 publica
562 3490 625 3543 et
654 3500 925 3563 operum
952 3479 1361 3560 publicorum
1393 3499 1468 3542 ac
1495 3478 1906 3564 vectigalium
1937 3477 2298 3543 universam
2327 3480 2659 3556 rationem,

166 3605 227 3656 et
284 3613 419 3656 rem
478 3591 853 3668 militarem,
913 3590 1143 3675 quibus
1204 3589 1495 3656 omnibus
1552 3590 1808 3676 singula
1864 3590 2068 3674 capita
2127 3602 2274 3656 sunt
2318 3592 2664 3678 assignata.

164 3705 604 3788 Quamquam,
670 3703 985 3787 permulta
1054 3723 1205 3766 sane
1271 3725 1307 3766 a
1364 3702 1696 3785 prioribus
1769 3702 2252 3786 inscriptionum
2311 3705 2662 3770 editoribus

162 3817 299 3880 iure
359 3819 639 3901 quodam
694 3837 813 3880 suo
870 3816 1038 3879 inter
1096 3836 1299 3898 opera
1356 3816 1611 3898 publica
1661 3817 1858 3879 relata
1899 3829 2316 3900 praeceperat
2358 3817 2544 3884 nobis
2589 3839 2664 3882 ea

166 3929 383 4013 operis
438 3949 633 4012 pars,
708 3949 873 4014 quae
930 3928 1353 3994 monumentis
1408 3927 1740 3993 historicis
1785 3929 1988 3998 dicata
2031 3927 2434 4014 diligentiore
2477 3929 2666 3994 etiam

166 4063 317 4108 cura
348 4041 547 4127 digna
584 4042 955 4116 videbatur3
1001 4042 1165 4104 unde
1200 4039 1437 4104 factum
1474 4051 1595 4116 est,
1642 4051 1712 4106 ut
1747 4039 2144 4124 municipalia
2182 4041 2319 4105 sere
2356 4041 2423 4106 in
2457 4041 2666 4126 capite

166 4177 365 4239 opera
406 4153 667 4238 publica
708 4153 1071 4218 continente
1114 4153 1421 4238 legantur
1442 4197 1460 4229 ,
1521 4151 1884 4235 principum
1947 4175 2103 4216 vero
2166 4176 2245 4219 eo
2307 4153 2372 4218 in
2429 4165 2667 4240 genere

164 4267 387 4334 merita
428 4279 493 4330 et
534 4267 755 4330 laudes
794 4265 863 4328 in
902 4264 1225 4330 historicis
1266 4263 1483 4348 potius
1526 4265 1738 4330 locum
1767 4262 2126 4329 invenerint
2151 4287 2362 4330 suum.
2431 4269 2664 4353 Neque

165 4401 323 4446 vero
386 4373 871 4464 provinciarum
936 4376 1461 4442 administrationi
1524 4381 1944 4459 exponendae
2007 4377 2258 4464 largior
2328 4392 2666 4479 supererat

166 4493 421 4572 messis,
472 4515 509 4556 a
550 4491 847 4556 civilibus
894 4489 1227 4554 maximam
1268 4501 1515 4574 partem
1562 4501 1628 4552 et
1663 4489 1920 4555 urbanis
1960 4490 2437 4576 magistratibus
2475 4513 2667 4556 occu-

166 4619 351 4690 pata:
418 4617 485 4668 at
543 4627 623 4669 eo
682 4602 883 4668 maius
942 4602 1217 4666 studium
1274 4601 1339 4666 in
1396 4623 1479 4666 eo
1536 4601 2032 4678 collocavimus,
2100 4614 2172 4666 ut
2231 4624 2482 4668 omnem
2533 4625 2670 4668 rem

166 4721 497 4784 militarem
546 4716 903 4780 accuratius
949 4717 1447 4790 enuclearemus,
1495 4726 1860 4797 temporum
1906 4715 2153 4788 ratione
2197 4727 2498 4800 quantum
2527 4716 2670 4782 fieri

164 4844 463 4918 poterat.
508 4831 615 4895 bic
658 4850 957 4915 quoque,
1006 4837 1080 4890 ut
1122 4827 1187 4890 in
1226 4827 1529 4912 reliquis,
1587 4848 1839 4909 semper
1879 4827 2120 4891 habita.
