3142 5450
745 284 756 316 ¹
821 315 876 385 ς
922 258 1018 377 io.
1093 310 1468 375 mms
1505 312 1909 377 saunas.
2498 320 2609 381 ssi

65 436 260 511 stem
309 466 452 533 post
503 454 816 514 meridiem
852 476 889 513 a
935 454 1149 515 balneo
1191 454 1494 515 cathedris
1537 457 1944 517 consederunt
1958 500 1975 527 ,
2032 458 2243 517 deinde
2286 458 2315 517 1
2356 460 2615 513 mane

63 550 286 603 [ιι-σεῖο
309 586 328 606 .
355 588 376 607 .
401 552 420 606 2
445 588 464 608 .
515 588 532 604 .
559 590 576 605 .
601 552 903 609 cenatoria
951 549 1085 609 alba
1129 534 1514 629 sumpserunt
1529 594 1546 621 ,
1602 563 1665 611 ct
1706 554 1772 610 in
1814 551 2247 611 tricliniaribus
2292 551 2613 612 discubue-

67 655 286 713 runt,
345 656 406 701 et
441 644 662 720 epulati
701 656 874 701 sunt:
929 646 1072 703 item
1108 648 1282 723 pueri
1329 646 1358 705 11
1417 653 1651 717 ingenui
1686 648 1933 720 patrimi
1970 659 2029 705 et
2066 649 2363 717 matrimi,
2416 646 2613 707 Sena-

67 748 314 796 torum
359 739 530 807 Filii,
587 757 836 797 numero
875 739 1014 797 1111.
1069 742 1134 798 in
1185 741 1485 798 cathedris
1531 742 1935 799 consederunt
1994 753 2054 798 ct
2094 742 2315 818 epulati
2358 753 2519 799 sunt.
2576 741 2613 803 Ι

71 834 352 886 fratres
394 832 648 891 Arvales
693 846 834 910 post
881 833 1088 909 epulas
1133 853 1316 911 super
1365 834 1655 894 toralibus
1713 838 2097 913 segmentatis
2154 832 2607 904 discubuerunt,

73 938 148 985 ct
223 938 404 997 ture,
473 930 616 986 vino
677 930 947 987 fecerunt
969 970 985 997 ,
1069 939 1129 987 et
1189 948 1302 1007 per
1363 948 1585 1007 pueros
1652 940 2058 1006 praetextatos
2077 972 2095 999 ,
2170 930 2197 989 ll
2269 931 2612 989 Senatorum

71 1020 330 1091 Filios,
399 1032 462 1079 et
517 1020 798 1081 Publicos
855 1022 932 1081 ad
985 1022 1174 1081 Aram
1227 1024 1641 1100 pertulerunt,
1709 1036 1769 1082 et
1830 1035 2133 1102 unguenta
2151 1066 2166 1093 ,
2238 1034 2297 1083 et
2352 1040 2611 1097 coronas

75 1119 480 1191 aeceperunt
523 1128 581 1173 et
627 1120 688 1173 in
729 1116 1003 1175 mantelis
1048 1117 1072 1175 ΙΙ
1107 1116 1422 1191 frumenta
1465 1138 1679 1175 rursus
1728 1122 2129 1195 contigerunt.
2210 1119 2361 1177 Item
2382 1136 2613 1177 Jueusa

77 1210 378 1267 secunda
421 1208 808 1269 bellariorum
859 1212 1048 1268 divisa
1105 1223 1226 1279 est,
1297 1222 1356 1269 et
1407 1212 1710 1287 sportulas
1762 1224 2127 1289 aeceperunt
2169 1196 2528 1271 Sa'cerdotes
2580 1210 2639 1271 Ι’

77 1304 504 1381 Imperatoris
567 1307 724 1381 Aug.
754 1349 768 1373 ,
839 1317 899 1362 et
960 1308 1144 1363 ceteri
1209 1302 1607 1373 Sacerdotes,
1682 1308 1783 1385 qui
1844 1308 2243 1383 suprascripti
2306 1318 2485 1375 sunt,
2554 1318 2620 1365 et

81 1418 318 1456 rosam
356 1400 612 1457 solutam
651 1401 1004 1467 diviserunt,
1049 1399 1246 1477 ibique
1285 1400 1715 1459 FELICITER
1749 1402 2045 1458 dixerunt.
2127 1400 2277 1458 Item
2308 1400 2645 1459 1111.·K21.=

81 1490 316 1554 Iunias
369 1496 396 1551 ll
443 1497 506 1551 in
547 1494 714 1552 Luco
767 1494 926 1551 Deae
971 1495 1120 1551 Diae
1161 1494 1434 1552 Alfenius
1473 1496 1793 1553 Avitianus
1844 1495 2251 1573 Promagister
2296 1496 2371 1553 ad
2422 1496 2610 1556 Aram

83 1586 442 1646 immolavit
476 1590 762 1664 porcilias
812 1590 1144 1665 piaculares
1183 1590 1261 1647 ΙΙ.
1301 1588 1450 1647 Luci
1486 1590 1879 1667 coinquendi‚
1938 1601 1996 1647 et
2037 1590 2235 1682 operis
2268 1591 2291 1647 ll
2324 1588 2621 1659 faciundi,'

83 1682 180 1739 ihi
223 1702 480 1739 vaccam
521 1685 908 1741 honorariam
959 1682 1316 1753 immolavit,
1375 1692 1434 1741 et
1478 1672 1617 1741 inde
1670 1686 1734 1741 in
1784 1684 2097 1757 tetrastylo
2147 1688 2427 1742 reversus
2469 1680 2611 1741 sub-

85 1778 294 1834 selliis
345 1778 651 1847 consedit,
712 1778 922 1836 deinde
971 1796 1250 1835 reversus
1301 1777 1375 1836 ad
1424 1779 1610 1835 Aram
1648 1777 1673 1837 ΙΙ
1718 1788 1885 1835 extas
1930 1776 2189 1835 reddidit
2232 1778 2617 1853 porciliares„

86 1872 254 1928 Item
304 1872 372 1929 in
407 1872 621 1941 Circo,
679 1872 740 1929 in
785 1872 984 1929 foculo
1020 1884 1304 1950 argenteo
1351 1874 1563 1949 cespiti
1616 1883 1830 1929 ornato
1876 1884 2071 1929 extam
2118 1874 2425 1945 vaccinam
2471 1872 2613 1929 red-

89 1966 293 2034 didit,
365 1976 428 2022 et
483 1968 546 2021 in
605 1966 920 2039 tetrastylo
987 1969 1012 2025 ll
1074 1985 1356 2023 reversus
1403 1977 1528 2035 est,
1600 1978 1659 2023 et
1701 1968 1764 2024 in
1810 1966 2016 2023 codice
2068 1968 2258 2033 cavit,
2328 1976 2389 2023 et
2432 1984 2611 2041 prae-

89 2066 340 2117 textam
376 2060 670 2135 deposuit,
715 2070 774 2117 et
819 2062 881 2116 in
909 2060 1210 2137 papilione
1255 2079 1364 2117 suo
1403 2078 1685 2117 reversus
1733 2038 1890 2136 (est.)
1956 2058 2325 2118 Promeridie
2360 2070 2553 2120 autem
2584 2060 2611 2119 11

87 2154 360 2213 Fratres
412 2154 666 2210 Arvales
723 2166 1068 2229 praetextas
1122 2166 1518 2230 acceperuut,
1577 2166 1637 2211 et
1682 2156 1745 2211 iu
1798 2154 2115 2227 tetrastylo
2172 2164 2608 2221 convenerunt,

95 2260 160 2305 et
199 2246 510 2305 subselliis
551 2250 984 2317 consederunt,
1041 2259 1098 2305 et
1137 2260 1425 2307 caverunt
1473 2248 1500 2305 ll
1549 2266 1616 2305 se
1662 2248 1955 2317 adfuisse,
2000 2260 2059 2304 et
2098 2266 2337 2305 sacrum
2373 2248 2609 2315 fecisse,

95 2354 161 2399 et
219 2342 516 2419 porcilias
565 2342 902 2418 piaculares
961 2343 1182 2419 epulati
1233 2353 1406 2412 sunt,
1465 2353 1525 2400 et
1579 2360 1885 2419 sanguem.
1980 2342 2195 2399 Postea
2246 2342 2385 2399 inde
2434 2359 2615 2418 prae-

95 2438 326 2494 textati
377 2440 402 2497 ll
449 2439 643 2512 capite
681 2436 909 2503 velato,
967 2438 1130 2493 vittis
1176 2439 1396 2513 spiceis
1441 2439 1715 2495 coronati
1752 2436 1985 2495 Lucum
2023 2435 2494 2503 adscenderunt,
2552 2446 2615 2493 et
2654 2504 2663 2515 ,

97 2550 220 2606 per
261 2531 544 2587 Alfenum
581 2530 936 2587 Avitianum
971 2530 1451 2607 Proinagistrum
1492 2550 1709 2608 agnam
1750 2530 1774 2589 11
1824 2532 2083 2607 opimam
2132 2530 2610 2599 immolaverunt,

99 2637 162 2681 et
215 2626 458 2681 hostiae
501 2625 833 2681 litationem
882 2627 1294 2701 inspexerunt.
1377 2626 1653 2683 Perfecto
1717 2621 2017 2683 sacrificio
2082 2642 2287 2698 omnes
2355 2614 2489 2700 tui-e
2556 2634 2616 2681 ct

99 2722 256 2777 vino
311 2720 618 2787 fecerunt,
676 2718 888 2778 deinde
945 2718 970 2778 ll
1025 2722 1258 2777 reversi
1301 2722 1366 2778 in
1418 2720 1645 2777 Aedem
1690 2721 1752 2777 in
1804 2739 2007 2777 mensa
2060 2739 2298 2778 sacrum
2340 2720 2617 2778 fecerunt

101 2815 281 2882 ollis,
353 2825 414 2871 et
469 2825 608 2871 ante
652 2812 881 2871 Aedem
937 2815 1000 2870 in
1045 2817 1270 2891 cespite
1315 2816 1725 2892 Promagister
1778 2826 1836 2871 et
1874 2815 2115 2872 Flamen
2170 2831 2412 2872 sacrum
2455 2815 2617 2871 fece-

101 2921 276 2965 runt.
341 2908 372 2966 ll
425 2909 577 2964 Item
618 2909 786 2965 foras
833 2909 908 2966 ad
944 2909 1134 2968 Aram
1177 2911 1408 2966 reversi
1453 2910 1767 2966 thesauros
1814 2909 2125 2966 dederunt.
2207 2909 2356 2965 Item
2395 2905 2614 2984 flamen

102 3015 162 3060 et
185 3003 608 3080 Promagister
633 3003 894 3078 scyphos
923 3014 1240 3080 argenteos
1272 3022 1408 3061 cum
1440 3005 1747 3080 sumpuvis
1788 3002 1919 3079 (sio)
1952 3003 1976 3062 11
2008 3005 2151 3060 vino
2191 3002 2437 3078 repletis
2476 3012 2615 3059 ante

101 3101 334 3156 ostium
352 3139 368 3164 ‚
425 3095 556 3172 (ee)
612 3115 856 3154 acerras
913 3095 1241 3182 (ferentes)
1295 3109 1432 3155 ture
1481 3109 1542 3154 ct
1578 3099 1721 3154 vino
1758 3099 2063 3164 fecerunt,
2118 3107 2179 3154 et
2218 3107 2355 3154 ante
2392 3098 2621 3154 ostium
2688 3157 2693 3170 ⁴

101 3194 488 3258 restiterunt,
531 3201 592 3248 et
635 3189 752 3248 duo
793 3189 868 3248 ad
903 3191 1110 3268 fruges
1135 3186 1422 3266 petendas
1453 3191 1478 3250 11
1509 3209 1649 3248 eum
1685 3189 1948 3249 Publicis
1988 3191 2373 3248 deseiderunt
2398 3189 2529 3266 (sic)
2558 3201 2618 3246 et
2689 3210 2697 3220 ·

105 3287 350 3344 reversi
398 3285 608 3342 dextra
660 3285 985 3355 dederunt,
1039 3283 1208 3347 laeva
1259 3295 1651 3362 receperunt,
1710 3283 1923 3342 deinde
1976 3285 2049 3342 ad
2104 3285 2455 3342 alterutrum
2498 3281 2617 3341 sibi

105 3379 524 3446 reddiderunt,
575 3379 602 3437 ll
650 3391 711 3436 et
753 3376 1018 3436 Publicis
1061 3381 1266 3455 fruges
1313 3379 1732 3438 tradideruntt
1786 3379 1999 3436 deinde
2044 3381 2108 3436 in
2152 3379 2379 3436 Aedem
2424 3381 2619 3436 intra-

105 3483 367 3542 rerunt,
441 3483 502 3530 et
555 3473 702 3530 ollas
759 3476 990 3550 precati
1050 3477 1222 3541 sunt,
1297 3483 1358 3530 ·.t
1413 3473 1586 3530 ostiis
1648 3475 1875 3549 apertis
1929 3492 2041 3549 per
2100 3472 2319 3530 clivum
2378 3473 2619 3532 iawll'ue-

106 3579 292 3636 runt3
349 3567 564 3624 deinde
607 3565 904 3626 subselliis
949 3570 1304 3626 marmoreis
1353 3567 1789 3638 consederunt3
1847 3580 1907 3625 et
1942 3585 2129 3644 panes
2166 3567 2465 3625 laureatos
2504 3585 2617 3643 per
2634 3601 2655 3618 .-

109 3661 400 3720 Publicos
441 3663 650 3738 partiti
693 3671 864 3730 sunt,
921 3661 1004 3720 ibi
1050 3679 1256 3720 omnes
1299 3663 1641 3720 lumemulia
1690 3663 1717 3721 11
1764 3681 1903 3718 cum
1944 3663 2172 3738 rapinis
2228 3671 2611 3737 acceperunt,

110 3769 170 3814 et
209 3757 372 3814 Deas
407 3765 960 3834 unguentaveruut,
1009 3767 1070 3836 et
1109 3756 1302 3814 Aedes
1343 3756 1506 3814 clusa
1547 3769 1670 3824 est,
1728 3775 1935 3814 omnes
1972 3757 2123 3813 foris
2164 3757 2473 3812 exierunt.
2530 3752 2615 3812 ibi

110 3849 478 3909 Sacerdotes
523 3851 552 3908 ll
602 3850 752 3908 clusi
797 3851 1120 3918 succincti,
1161 3849 1376 3908 libellis
1421 3854 1719 3928 acceptis,
1762 3869 2005 3908 carmen
2048 3847 2463 3908 descindentes
2504 3849 2617 3908 tri-

109 3945 494 4022 poda-rerunt
545 3946 610 4001 in
663 3943 850 4002 verba
903 3945 1085 4002 baec.
1117 3945 1318 4002 -ssuos
1365 3943 1554 4004 Lases
1608 3947 1803 4003 iuvate
1860 3946 1885 4003 ll
1942 3945 2107 4002 Enos
2153 3945 2341 4002 Lases
2394 3947 2613 4010 iuvate,

111 4041 281 4097 Enos
319 4039 511 4097 Lases
550 4039 772 4104 iuvate.
847 4039 1014 4096 Neve
1057 4039 1330 4096 Luaerve
1371 4037 1697 4116 marmano-J
1721 4041 1849 4096 sins
1880 4037 2214 4098 'incurrere
2261 4041 2319 4094 in
2354 4039 2613 4114 pleon-es,

111 4153 268 4190 neve
313 4131 558 4204 Ἐρῶ-νο
607 4132 874 4190 Marmar
929 4133 954 4192 11
1011 4139 1133 4189 sins
1177 4134 1492 4190 incurrere
1538 4135 1601 4191 in
1644 4134 1869 4210 pleoris
1887 4177 1902 4202 ,
1976 4151 2125 4190 neve
2168 4132 2409 4193 Luci-ve
2454 4131 2622 4190 Mar-

115 4247 250 4286 mar
308 4243 442 4292 sers
493 4218 808 4284 incurrere
869 4229 932 4285 in
981 4225 1226 4303 pleoris.
1309 4226 1496 4286 Satur
1543 4229 1747 4285 furere
1793 4227 1960 4291 Mars
2016 4227 2197 4286 limen
2259 4226 2284 4285 ΙΙ
2346 4229 2471 4283 sale
2528 4237 2619 4286 sta

113 4320 369 4392 herber,
439 4314 610 4380 satur
656 4321 848 4379 fufcre
891 4319 1060 4378 Mars
1105 4321 1288 4378 limen
1336 4321 1446 4379 sali
1504 4333 1595 4378 sta
1640 4319 1861 4379 herber
1878 4365 1893 4388 ,
1964 4320 2149 4378 Satur
2203 4321 2393 4378 fufere
2450 4319 2619 4383 Mars

114 4416 303 4474 limen.
343 4415 460 4474 sali
505 4427 600 4474 sta
649 4415 892 4474 herber.
953 4415 980 4474 11
1035 4417 1302 4472 Semunis
1347 4415 1597 4472 alternei
1636 4414 1953 4491 advocapit
1998 4425 2247 4474 cunctos
2266 4457 2281 4480 ,
2340 4413 2624 4472 Semunis

117 4512 370 4568 alten-nei
389 4507 708 4586 advocapit
731 4521 1000 4577 conctos,
1015 4509 1290 4568 Simunis
1313 4509 1567 4585 alternip
1585 4508 1717 4585 (sic)
1744 4508 2061 4585 advocapit
2086 4511 2111 4568 ll
2138 4505 2389 4566 coactos}
2454 4509 2623 4573 Enos

118 4606 390 4666 Marmor
425 4607 663 4672 iuvato,
719 4603 886 4664 Enos
925 4603 1196 4664 Marmor
1236 4606 1470 4672 iuvate,
1527 4603 1693 4661 Enos
1734 4588 1967 4662 Mamor
2006 4605 2228 4661 iurato.
2311 4603 2621 4680 'I'rimnpe,

117 4701 440 4776 Tfiumpe,
509 4699 834 4774 Triumpe.
887 4698 1238 4773 Triumllpe,
1303 4705 1583 4775 triumpe.
1658 4700 1811 4760 Post
1872 4697 2342 4775 tripudationem
2380 4684 2625 4756 ¹deindo
