3142 5450
580 268 587 283 ,
752 300 763 313 ,
878 257 909 293 ,-
1194 202 1219 271 ι
1536 145 1547 176 ‘

533 335 645 395 556
749 406 757 413 ,
1587 328 1997 411 ΕΡιετοιΑ

530 480 617 521 est
658 460 1089 538 properandum.
1166 464 1489 537 Descriptio
1526 462 1752 537 quidem
1791 468 1980 539 operis
2021 478 2076 519 et
2117 466 2400 519 institutio
2441 462 2600 519 «facta
2635 458 2756 519 αἶ·
2822 464 2932 520 sed
2971 484 3052 520 res

528 574 751 613 constat
788 544 1028 613 maximo
1066 556 1545 611 observationibus
1593 554 1866 626 minutis,
1925 574 2066 633 quae
2113 576 2230 612 nou
2269 559 2438 613 simul
2477 575 2806 613 occurrunt.
2895 561 3052 615 Cete-

526 671 651 706 rum
690 670 805 706 non
843 649 1123 705 dimittam
1164 668 1233 705 ex
1272 651 1449 705 oculis
1489 666 1545 705 et
1573 655 1768 705 animo
1807 670 1924 707 rem
1965 656 2302 719 institutam,
2337 652 2518 707 donec
2555 652 2628 707 ad
2663 658 3050 709 maturitatem

526 746 772 817 aliquam
829 744 1111 818 redegero.
1190 745 1507 803 WVetstenii
1565 762 1774 799 novum
1828 746 2251 799 Testamentum
2310 744 2477 801 audio
2533 766 2655 809 esse
2703 748 3052 813 absolutum,

528 856 587 895 et
632 856 794 914 spero
834 830 891 892 id
937 836 1259 915 propediem
1314 836 1385 890 ad
1423 856 1517 891 me
1560 838 1838 911 perlatum
1885 844 1974 894 iri.
2049 840 2193 893 Novi
2237 839 2388 893 aliud
2432 842 2576 895 nihil
2621 841 2850 911 habeo,
2911 843 3053 915 qnod

526 934 653 987 Tua
711 936 935 987 intersit
992 936 1153 986 scire.
1244 932 1630 987 prolationem
1676 932 1866 987 subito
1919 936 2192 1007 scriptam
2245 939 2406 1005 aequi
2463 934 2710 1007 bonique
2771 938 3054 989 consules.

524 1026 696 1091 Vale,
762 1024 931 1083 decus
979 1024 1319 1095 literarum,
1358 1042 1416 1081 et
1464 1024 1632 1082 mihi
1657 1025 1838 1082 farere
1885 1044 2072 1103 perge.
2153 1026 2272 1083 Ser.
2323 1029 2543 1104 Lipsiae
2591 1026 2652 1085 d.
2699 1032 2870 1086 XVI.
2915 1031 3052 1086 Maii

522 1120 843 1179 MDCCLI.
1735 1140 1752 1177 x

598 1246 611 1258 “
673 1242 738 1297 Ρ.
784 1242 843 1295 S.
918 1242 1079 1296 Hanc
1130 1238 1455 1314 epistolam,
1516 1260 1686 1315 quum
1737 1238 1808 1295 ad
1855 1256 2261 1309 mercatorem,
2314 1260 2414 1317 per
2453 1260 2618 1317 quem
2657 1242 2854 1297 Tuam
2899 1260 3056 1297 aece-

525 1349 749 1409 peram,
798 1338 967 1402 misi,
1024 1352 1155 1389 ecce
1210 1334 1305 1389 ille
1349 1332 1547 1389 eodem
1585 1334 1677 1389 die
1719 1341 1833 1391 iam
1873 1335 2105 1391 obierat.
2180 1336 2373 1409 ltaque
2411 1335 2542 1390 dum
2582 1336 2756 1390 aliam
2796 1344 3056 1391 occasio-

468 1438 477 1447 '
526 1446 659 1483 nem
696 1432 815 1483 eius
856 1426 1162 1483 mittendae
1200 1434 1551 1501 exspectavi,
1607 1422 1793 1495 ἕωλος
1843 1428 1994 1485 facta
2039 1446 2142 1485 est.
2219 1428 2328 1485 Sed
2369 1428 2568 1485 incidit
2610 1430 2870 1505 aliquid,
2933 1449 3055 1505 pro-

524 1538 653 1596 pter
690 1520 842 1594 quod
876 1538 997 1577 eam
1038 1540 1136 1597 per
1183 1521 1437 1597 publicos
1488 1540 1745 1578 cursores
1797 1529 2023 1578 mittere
2072 1522 2310 1582 decrevi.
2387 1524 2564 1579 Totus
2623 1527 2742 1579 iam
2805 1542 2944 1579 sum
2999 1532 3052 1579 ia

524 1616 732 1671 Tacito
784 1615 1113 1689 expoliendo
1166 1632 1332 1689 atque
1380 1616 1732 1673 illustrando.
1807 1618 2022 1674 Paucas
2080 1618 2301 1672 notulas
2353 1615 2680 1692 adspergere
2737 1622 2804 1673 in
2857 1624 3054 1673 animo

521 1708 718 1765 habui.
794 1710 901 1765 Sed
959 1708 1092 1763 dum
1148 1726 1289 1785 opus
1344 1726 1632 1785 aggressus
1690 1728 1850 1780 sum,
1909 1715 2204 1766 materiam
2255 1711 2558 1789 largiorem
2611 1711 2812 1765 datam
2877 1718 3056 1787 reperi

521 1820 814 1867 notarumt
852 1808 1183 1878 praesertim
1224 1822 1393 1879 quum
1434 1820 1730 1881 apparatus
1767 1824 1882 1859 non
1919 1804 2258 1877 spernendus
2295 1805 2573 1861 librorum
2611 1806 2762 1861 mihi
2805 1804 3054 1861 daretur.

522 1900 735 1973 Accepi
782 1901 934 1953 enim
975 1897 1231 1953 codicem
1272 1898 1397 1955 MS.
1448 1916 1477 1955 e
1528 1898 1870 1955 bibliotheca
1907 1898 2374 1974 Guelferbytana,
2438 1896 2752 1955 editionem
2803 1906 3052 1975 prima-

522 1991 839 2066 Bpirensis,
900 2006 1009 2065 qua
1058 2009 1222 2045 nemo
1276 1998 1640 2068 interpretum
1691 1992 1873 2048 adhuc
1925 2008 2056 2048 usus
2109 2010 2229 2062 est,
2297 2008 2532 2065 eamque
2581 2011 2613 2047 e
2651 1992 2818 2048 bono
2855 1992 3052 2049 codiee

522 2088 771 2141 ductam.
848 2086 1181 2162 Comparari
1218 2092 1390 2141 etiam
1428 2087 1567 2141 alias
1604 2084 1898 2155 editiones,
1935 2088 2211 2143 Venetam
2248 2086 2575 2154 Puteolani,
2629 2086 2914 2141 Bes-oaldi
2959 2090 3056 2143 lio-

523 2196 787 2247 manam,
844 2185 1077 2253 primam
1103 2180 1380 2235 ··Rhenani
1396 2200 1409 2235 ε
1474 2179 1620 2235 unde
1673 2180 1921 2235 intellexi
1973 2178 2225 2236 nondum
2273 2185 2336 2235 in
2384 2184 2522 2235 crisi
2569 2180 2678 2235 hac
2729 2180 3054 2235 adhibitam

522 2292 644 2330 esse
686 2279 889 2329 iustam
927 2264 1307 2349 diligentiam:
1359 2291 1532 2351 ⁵ttaepte
1573 2293 1674 2348 pro
1718 2279 2056 2329 coniecturis
2109 2278 2380 2351 proponi,
2437 2290 2578 2348 quae
2627 2280 2748 2329 iam
2803 2291 2950 2331 sunt
3001 2282 3054 2329 in

522 2374 771 2440 antiquis
819 2368 1011 2436 libris,
1075 2374 1213 2423 vitia
1262 2370 1662 2443 typographica
1710 2385 1830 2423 esse
1877 2384 2180 2443 propagata
2231 2386 2330 2443 per
2365 2369 2570 2424 multas
2608 2366 2942 2436 editiones,
3003 2386 3054 2423 et

522 2480 692 2537 eupet-
730 2468 799 2519 iis
839 2468 1069 2517 criticas
1108 2468 1462 2517 coniecturas
1500 2460 1737 2537 proferri
1774 2476 1885 2517 cet.
1963 2464 2159 2536 Itaque
2197 2460 2258 2516 id
2295 2467 2416 2537 egi,
2471 2478 2534 2517 ut
2573 2466 2633 2517 in
2669 2468 2834 2517 notis
2873 2464 3056 2517 histo-

522 2561 669 2611 riam
710 2573 767 2611 et
801 2562 958 2631 quasi
1000 2556 1380 2633 genealogiam
1415 2556 1723 2611 lectionum
1760 2553 2106 2623 indicarem,
2161 2536 2318 2611 et⁶in
2355 2554 2698 2631 praefatione
2740 2556 3052 2611 historiam

522 2649 837 2707 editionum
894 2656 1299 2705 accuratim-em
1356 2650 1604 2706 scribere
1659 2648 1897 2705 decrevi.
1974 2650 2082 2707 Sed
2131 2651 2484 2707 vehementer
2539 2648 2806 2705 desidero
2841 2648 3052 2704 editio-

522 2763 657 2802 nem
706 2747 1045 2812 Romanam,
1110 2764 1250 2819 quae
1301 2747 1427 2802 Sec.
1476 2747 1601 2802 XV.
1651 2743 1892 2820 prodiit,
1958 2763 2132 2819 quum
2180 2743 2314 2800 libri
2366 2749 2584 2820 priores
2633 2763 2734 2800 sex
2785 2745 3047 2799 nondum

522 2855 711 2896 essent
746 2845 979 2896 inventi.
1056 2842 1194 2896 Eam
1231 2855 1501 2914 nusquam
1538 2844 1697 2914 potui
1743 2843 2003 2918 reperire.
2071 2839 2296 2916 Lipsius
2333 2857 2457 2894 eam
2493 2838 2582 2894 bis
2623 2855 2780 2894 terve
2819 2839 3044 2894 laudat:

522 2931 805 2990 editorum
864 2934 1201 3008 reliquorum
1258 2953 1422 2990 nemo
1482 2937 1687 2990 vidisse
1743 2934 1980 2992 videtur.
2055 2933 2268 2988 Saltem
2321 2949 2490 2988 nemo
2539 2933 2756 2989 laudat.
2839 2935 2934 2988 Ex
2987 2951 3046 2988 ea

524 3028 745 3084 videtur
798 3031 1011 3082 Veneta
1072 3031 1347 3092 a.1498.
1408 3047 1507 3104 per
1569 3030 1762 3084 Franc-
1839 3028 2210 3084 Puteolanum
2275 3027 2522 3083 fluxisse.
2599 3027 2790 3102 Igitur
2853 3033 3044 3101 magni

524 3119 697 3178 refert
738 3128 915 3190 scire,
952 3121 1087 3196 quid
1125 3123 1221 3178 ille
1260 3124 1393 3178 hinc
1433 3111 1765 3196 eumpse'rit,
1803 3120 1938 3194 quid
1975 3126 2228 3177 mutarit.
2303 3121 2472 3176 Venit
2508 3121 2647 3176 mihi
2688 3124 2756 3175 in
2793 3139 3042 3176 mentem

524 3233 782 3297 sperare,
843 3233 969 3271 eam
1019 3216 1324 3272 editionem
1378 3221 1437 3272 in
1494 3223 1659 3272 terrie
1709 3221 1936 3284 vestris,
1999 3231 2138 3290 quae
2178 3215 2373 3271 ltaliae
2417 3229 2547 3270 sunt
2587 3219 3042 3292 propinquiores,

454 3309 761 3366 „fortasse
812 3316 1065 3386 reperiri.
1145 3312 1341 3384 ltaque
1378 3311 1461 3366 Te
1506 3327 1676 3385 rogo,
1737 3327 1800 3366 ut
1836 3316 1886 3366 si
1927 3315 2032 3365 iste
2067 3309 2212 3364 liber
2250 3308 2394 3384 apud
2431 3326 2530 3363 vos
2568 3314 2811 3382 reperiri
2849 3315 3046 3384 possit,

524 3411 646 3459 eius
698 3407 839 3460 mihi
893 3411 1057 3477 copia
1108 3419 1173 3459 ut
1226 3401 1322 3460 fiat
1376 3421 1569 3472 cures,
1633 3419 1688 3459 et
1737 3409 1995 3478 proximo
2047 3419 2300 3459 mercatu
2343 3421 2444 3477 per
2499 3418 2848 3458 mercatores
2903 3405 3040 3458 mihi

524 3505 741 3555 mittas.
816 3499 1059 3555 Redibit.
1095 3515 1295 3572 magna
1354 3515 1486 3553 cum
1539 3503 1738 3573 gratia.
1811 3497 2003 3552 Etiam
2053 3495 2464 3552 Mediolanensi
2517 3513 2572 3554 a.
2621 3499 2798 3555 1516.
2861 3513 3040 3552 careo.

524 3592 635 3648 Sed
688 3599 945 3667 aequius,
1000 3592 1148 3667 quod
1186 3592 1341 3648 illam
1375 3610 1492 3647 non
1530 3591 1730 3648 dubito
1773 3607 1952 3647 totam
1991 3589 2218 3648 ductam
2253 3609 2376 3646 esse
2413 3609 2448 3646 e
2485 3593 2736 3648 Romana
2775 3591 3038 3646 Ber-oaldi

524 3703 575 3742 a.
617 3692 782 3746 1515.
820 3686 990 3742 edita.
1068 3687 1130 3742 Si
1166 3705 1284 3742 non
1322 3692 1383 3740 in
1424 3702 1535 3741 tam
1577 3702 1874 3760 angustum
1911 3702 2126 3759 tempus
2171 3703 2261 3742 me
2307 3683 2568 3740 concludi
2601 3701 2804 3760 passus
2843 3703 3038 3751 essem,

524 3797 851 3856 propterea,
919 3779 1067 3854 quod
1117 3779 1177 3837 id
1226 3796 1351 3835 meo
1398 3781 1701 3848 coneilio„
1737 3779 1887 3853 quod
1936 3781 2006 3832 ab
2046 3785 2212 3834 initio
2256 3759 2440 3848 erat,‚
2469 3777 2722 3834 sufficere
2765 3795 3038 3854 putarem,

526 3877 786 3946 adiissem
834 3877 959 3930 Em.
1000 3877 1301 3946 Quirinum
1343 3894 1439 3948 per
1476 3874 1701 3942 literas,
1763 3891 1826 3930 ut
1873 3891 2129 3948 excerpta
2168 3869 2346 3928 codd.
2386 3875 2798 3928 vaticanorum
2847 3890 3038 3928 conse·

525 3987 755 4041 querer,
810 3975 905 4042 qui
958 3984 989 4022 a
1029 3971 1259 4025 Not-isio
1308 3974 1371 4024 in
1408 3969 1656 4043 Epochia
1701 3967 2210 4043 Syromacedonum
2255 3967 2574 4022 laudantur.
2653 3969 2830 4024 Nunc
2869 3973 2926 4022 ei
2963 3974 3038 4022 rei

525 4079 747 4138 tempus
786 4082 901 4118 non
938 4060 1175 4121 sufficit:
1232 4079 1289 4119 et
1326 4069 1463 4120 satis
1500 4063 1722 4120 habebo
1759 4083 1859 4140 per
1897 4063 2174 4120 editiones
2211 4079 2423 4118 veteres
2459 4077 2517 4118 et
2553 4059 2820 4116 codicem
2857 4059 3042 4118 Gnell'.

524 4175 807 4230 utcunque
846 4159 1049 4214 Tacito
1088 4159 1456 4216 consuluisse.

642 4253 991 4310 Wetstenii
1028 4253 1453 4309 Testamentum
1504 4257 1620 4308 iam
1672 4249 2043 4328 perlustrandi
2091 4249 2422 4306 facultatem
2467 4247 2674 4306 hahuit
2737 4255 2946 4305 nescio
2979 4267 3042 4304 an

524 4363 583 4403 et
622 4364 718 4402 vos
757 4346 1029 4414 Helvetii,
1088 4347 1310 4420 quando
1344 4349 1442 4402 ille
1481 4365 1584 4403 suo
1622 4363 1850 4422 sumptu
1885 4345 2094 4412 edidit,
2155 4361 2330 4418 eaque
2365 4341 2434 4398 de
2469 4359 2666 4400 caussa
2703 4361 3042 4400 mercatores

524 4433 747 4495 librarii
782 4441 935 4495 nulla
974 4442 1229 4515 exempla
1268 4447 1331 4498 in
1366 4442 1636 4498 tabernis
1653 4441 1881 4497 habent.
1943 4441 2076 4496 Vidi
2116 4445 2179 4495 in
2215 4441 2666 4515 Prolegomenis,
2703 4456 2854 4513 quae
2891 4438 3040 4492 valde

520 4551 741 4591 mutata
778 4552 837 4591 et
875 4551 1035 4592 aucta
1074 4552 1236 4604 sunt,
1272 4535 1464 4591 multis
1504 4537 1688 4592 verbis
1725 4541 1970 4604 narrari,
2021 4551 2161 4610 quae
2199 4541 2260 4590 in
2296 4535 2550 4590 Helvetia
2586 4537 2650 4588 in
2687 4539 2814 4590 eius
2853 4549 3040 4588 caussa

525 4647 650 4686 actu
704 4647 860 4686 eunt:
928 4635 1047 4686 eius
1098 4634 1437 4686 narrationis
1491 4636 1722 4686 initium
1774 4647 1806 4685 a
1843 4632 1966 4686 Tuo
2014 4635 2246 4685 nomina
2285 4629 2434 4684 fieri:
2499 4641 2686 4684 totam
2721 4645 2850 4684 ease
2889 4629 3038 4682 relte-

526 4731 775 4782 mentius
835 4731 1124 4801 scriptam.
1210 4726 1479 4784 Ceterum
1529 4743 1756 4800 vereor,
1818 4741 1882 4782 ut
1937 4725 2120 4780 bonus
2173 4729 2260 4780 vir
2305 4741 2377 4779 ex
2429 4721 2530 4778 illo
2583 4738 2760 4798 opere
2807 4723 3036 4778 multata
