3142 5450
1048 346 1858 415 PRAEFATIO.
2634 350 2714 417 13

176 520 629 587 incredibilem
668 542 875 603 paene
912 538 1051 584 esse
1091 538 1393 583 saxorum
1433 516 1908 595 confusionem,
1951 517 2014 581 iu
2053 518 2304 583 Museis
2333 504 2710 602 praesertim
2739 512 2768 539 ‘

178 635 435 699 Italicis
466 646 533 699 et
556 632 971 710 Britannicis,
1005 631 1117 695 uhi
1148 632 1225 695 de
1248 630 1573 715 plerisque
1596 630 1791 695 hodie
1811 630 1954 694 fere
1985 630 2363 708 nesciretur,
2399 636 2710 697 undenam

180 769 487 835 quaeque
532 746 795 812 fuerint
821 749 1128 809 advectat
1198 745 1503 809 maiorem
1550 744 1740 807 etiam
1781 743 1990 807 inesse
2027 742 2455 808 difficultatem
2497 746 2707 823 iniis,

180 882 359 946 quae
408 873 566 943 post
624 858 975 923 Gruterum
1028 842 1409 942 ceterosque
1456 877 1722 942 magnos
1768 858 2309 924 ‹tenaciores-vel
2357 856 2722 922 interierint

168 944 483 1050 humine,
526 972 635 1036 vel
674 974 886 1037 locum
926 972 1253 1047 mutarint,
1302 971 1409 1034 vel
1436 970 1501 1034 in
1534 970 1767 1055 quibus
1799 973 1878 1032 ab
1911 969 2036 1051 illis
2076 964 2342 1053 aliisque
2377 970 2714 1055 negligen-

178 1087 311 1150 tius
354 1088 411 1151 is
450 1098 623 1150 esset
656 1092 950 1149 notatus:
994 1121 1067 1133 —
1114 1084 1265 1170 quid
1314 1084 1879 1177 tandem-quaese,
1913 1082 2124 1167 'facies
2154 1083 2530 1168 Ligorianis
2557 1084 2716 1147 reli-

176 1201 463 1287 quisque
510 1198 743 1263 misere
776 1196 1178 1281 interpolatis
1224 1208 1428 1282 atque
1452 1194 1738 1279 spuriis?
1825 1195 2175 1277 Quocirca,
2223 1196 2512 1280 quamvis
2549 1198 2714 1267 clas-

176 1312 347 1375 sium
378 1332 649 1398 quoque
680 1310 1057 1395 descriptio,
1110 1312 1359 1395 qualem
1406 1330 1533 1394 ego
1577 1308 1858 1383 institui,
1907 1308 2036 1372 suis
2072 1328 2204 1373 non
2242 1309 2492 1372 levibus
2529 1311 2715 1373 labo-

174 1437 279 1489 ret
308 1424 741 1491 incommodis
761 1469 781 1500 ,
831 1422 1234 1487 nihilominus
1264 1422 1329 1485 in
1360 1421 1612 1485 Latinis
1643 1420 1768 1485 erit
1795 1420 2210 1504 praeferenda
2231 1466 2250 1497 ,
2297 1434 2528 1505 utpote
2549 1440 2716 1507 quae

172 1537 307 1619 ipsi
358 1537 757 1621 antiquitatis
810 1536 1113 1601 scientiae
1157 1534 1359 1621 magis
1404 1536 1489 1609 sit
1528 1534 1916 1617 profutura:
1995 1536 2188 1599 modo
2239 1535 2422 1599 locus
2475 1536 2712 1621 ubique
2811 1526 2820 1541 ’

178 1672 379 1733 quam
432 1650 835 1713 curatissime
879 1649 1023 1713 fieri
1066 1650 1342 1731 poterit„
1398 1646 1822 1733 investigetur
1873 1660 2065 1733 atque
2110 1659 2433 1713 enotetur.
2523 1650 2710 1734 Ergo

178 1765 257 1825 ad
302 1762 657 1827 Helvetica
700 1774 773 1825 ut
809 1739 1131 1838 redeam,’
1172 1762 1368 1825 habes
1404 1760 1513 1823 hic
1550 1760 1762 1823 omnia
1797 1759 1951 1823 mihi
1995 1771 2185 1836 nota,
2231 1760 2468 1825 inedita
2521 1762 2718 1825 etiam

179 1876 481 1961 aliquot3
549 1870 825 1939 maxima
866 1874 1163 1951 minima,
1208 1874 1463 1957 integra
1508 1872 1762 1949 mutila,
1812 1872 2060 1937 sincera
2099 1873 2312 1955 spuria
2339 1920 2356 1950 ,
2408 1876 2488 1937 ab
2537 1874 2709 1955 occif

175 1990 379 2051 dente
439 1986 757 2051 orientem
798 2009 1029 2052 versus
1067 1998 1440 2070 perpetuam
1486 1986 1820 2050 inseriem
1861 1986 2191 2069 disposita.
2282 1986 2476 2067 Quod
2519 1998 2749 2069 caput,

176 2100 299 2163 etsi
330 2102 468 2165 hoc
498 2102 751 2185 quidem
783 2120 1021 2185 genere
1052 2122 1193 2163 cum
1228 2100 1459 2164 ceteris
1490 2100 1835 2181 discrepat,
1878 2099 1944 2162 id
1973 2111 2180 2161 tamen
2211 2100 2586 2180 praestabit,
2636 2110 2712 2162 ut

180 2224 451 2277 nostrae
478 2212 848 2296 disciplinae
872 2214 1193 2277 studiosus
1224 2224 1471 2276 mature
1502 2212 1584 2275 sit
1610 2204 2073 2287 intellecturus,
2109 2212 2342 2297 quihus
2374 2233 2514 2274 cum
2549 2211 2712 2273 diffi-

180 2326 535 2389 cultatibus
576 2326 643 2389 in
682 2347 755 2391 ea
799 2324 1288 2389 conflictandum
1333 2326 1451 2402 sit,
1501 2336 1934 2413 quantumque
1959 2346 2167 2407 saepe
2197 2325 2475 2389 taedium
2505 2328 2708 2389 devo-

178 2441 459 2501 randum
502 2436 571 2501 in
606 2438 769 2501 male
806 2438 1143 2521 exscriptis
1161 2410 1191 2517 ,⁹
1244 2438 1527 2514 truncis,
1589 2437 2083 2515 commenticiis,
2149 2438 2380 2501 nullius
2436 2437 2708 2523 denique

178 2554 497 2614 momenti
542 2548 1069 2633 inscriptionibus
1113 2551 1628 2635 pervestigandis
1669 2572 1744 2614 ac
1785 2550 2223 2614 diiudicandis.
2342 2552 2482 2633 Qua
2527 2549 2592 2614 in
2634 2573 2708 2615 re

182 2684 591 2749 magnopere
614 2684 723 2728 me
761 2664 1142 2729 adiuverunt
1180 2664 1636 2750 Hagenbuchii
1665 2663 2031 2741 Helvetica,
2077 2661 2472 2728 accuratiora
2506 2664 2708 2750 longe

179 2787 244 2839 et
284 2777 525 2840 melius
568 2777 907 2852 illustrata,
953 2799 1143 2861 quam
1178 2787 1321 2842 ante
1349 2777 1590 2842 factum
1623 2790 1761 2842 erat
1793 2797 1829 2840 a
1859 2777 2324 2857 Guillimanno,
2374 2777 2701 2852 Plautin0,

178 2901 283 2966 ct,
350 2888 472 2974 qui
527 2891 648 2954 hos
706 2902 771 2953 et
825 2900 1031 2953 aetate
1072 2901 1137 2954 et
1178 2890 1418 2954 meritis
1463 2893 1880 2966 antecedunt,
1941 2889 2221 2976 Aegidio
2270 2891 2598 2954 Tschudio
2645 2901 2708 2953 et

178 2999 363 3064 Iosia
412 2999 729 3078 Simlero,
778 3001 957 3066 cuius
1002 3001 1474 3088 Antiquitatum
1520 3003 2007 3067 Helveticarum
2053 3002 2380 3067 volumina
2425 3002 2706 3087 quinque

178 3112 387 3196 ipsius
436 3135 623 3177 manu
668 3113 885 3178 nitide·
907 3114 1143 3199 scripta
1183 3115 1632 3180 Tui-icensium
1663 3115 2054 3180 bibliotheca
2081 3115 2336 3200 publica
2379 3117 2705 3180 adservat.

178 3227 289 3290 Ex
326 3227 554 3290 eadem
590 3225 916 3310 Ottianum
946 3229 1252 3292 volumen
1274 3229 1766 3313 inscriptionum
1791 3228 2302 3304 Helveticarum,
2333 3231 2442 3292 sed
2466 3227 2706 3291 nullum

181 3339 347 3416 fere,
386 3351 544 3422 post
580 3333 1033 3426 Hagenbuchii
1063 3363 1277 3404 curam
1310 3343 1511 3406 multo
1542 3342 1940 3424 ampliorem,
1975 3363 2154 3404 usum
2185 3341 2338 3404 mihi
2360 3343 2701 3424 praebens,
2723 3319 2736 3332 ‘

181 3463 453 3533 praesto
486 3464 662 3528 erat3
716 3474 924 3536 nuper
956 3453 1193 3518 effossa
1221 3454 1714 3538 suppeditabant
1740 3454 2063 3531 Hallerus,
2115 3465 2177 3517 et
2212 3456 2505 3518 Levade.
2553 3455 2708 3518 Hoc

181 3562 387 3648 igitur
447 3575 675 3647 caput,
750 3565 1059 3650 singula-ri
1102 3587 1243 3631 cum
1290 3565 1617 3653 diligentia
1659 3541 2032 3647 tractatum,
2103 3565 2456 3650 speciminis
2517 3567 2710 3630 simul

182 3675 335 3741 loco
382 3688 549 3754 esto,
598 3681 928 3761 quomodo
969 3679 1433 3765 geographiam
1476 3681 1800 3766 antiquam
1849 3681 2004 3747 solis
2049 3701 2132 3745 ex
2165 3679 2480 3766 lapidibus
2513 3682 2704 3746 ador:

185 3790 458 3851 nandum
512 3789 897 3854 existimem.
2283 3795 2286 3800 ’

361 3901 845 3986 Geographicis
887 3925 1049 3968 vero
1097 3895 1446 3982 absolutis,
1492 3905 1824 3972 Historica
1870 3929 2004 3971 sum
2052 3929 2442 3994 aggressus,
2505 3907 2592 3970 ita
2633 3916 2706 3970 ut

186 4010 329 4077 inde
391 4035 429 4077 a
487 4013 775 4080 Romulo
836 4037 1037 4101 usque
1080 4020 1162 4080 ad
1208 4019 1692 4084 Theodorieum
1735 4041 1952 4105 regem
1999 4031 2376 4103 perpetuam
2419 4031 2706 4084 texerem

188 4138 750 4190 munimentorum
810 4129 1074 4207 seriem,
1146 4151 1335 4215 quam
1392 4133 1565 4202 haud
1624 4132 1866 4218 exiguo
1926 4133 2067 4196 usui
2107 4135 2254 4198 fore
2299 4117 2558 4200 conl-ido.
2600 4133 2702 4212 iis,

190 4238 299 4322 qui
354 4240 463 4302 vel
518 4239 719 4324 ipsam
779 4239 1111 4306 historiam
1153 4233 1500 4325 postmodo
1546 4245 1672 4310 sint
1718 4243 2111 4324 enarraturi,
2173 4246 2279 4310 vel
2327 4244 2711 4310 illustratori

192 4361 251 4413 et
294 4362 657 4435 temporum
700 4343 1017 4419 rationem
1040 4401 1059 4432 ,
1108 4367 1173 4419 et
1211 4377 1532 4422 nummos.
1622 4357 1701 4422 In
1741 4379 1871 4443 quo
1908 4371 2121 4424 tamen
2161 4359 2364 4443 capite
2392 4370 2464 4423 ut
2495 4359 2707 4425 conti·
2796 4417 2807 4424 .

188 4483 403 4527 nerem
452 4487 589 4542 me,
638 4471 896 4532 necesse
938 4467 1095 4543 fuit3
1165 4490 1373 4554 neque
1434 4471 1600 4534 enim
1646 4470 1860 4536 omnia
1901 4471 2136 4538 licebat
2181 4471 2515 4557 amplecti,
2585 4471 2708 4536 nisi

190 4573 251 4636 in
291 4576 389 4640 his
432 4577 785 4643 consistere
830 4580 1293 4674 decrevissemj
1358 4603 1602 4668 neque,
1665 4585 1854 4648 verbi
1896 4607 2124 4665 causa,
2189 4587 2372 4651 locus
2417 4585 2522 4648 hic
2567 4595 2704 4659 enat

188 4687 391 4754 denuo
438 4691 805 4756 ordinandis
848 4693 1059 4759 Fastis
1122 4693 1633 4773 Consularibus,
1712 4719 1902 4782 quam
1957 4698 2348 4786 utilissimam
2411 4690 2724 4782 operam,
