3142 5450
1036 342 1843 421 PRAEEATIO.
2352 443 2363 457 ·
2616 351 2693 414 11

179 531 446 606 poterat
481 541 692 607 aequo
737 519 1025 585 censori:
1074 521 1188 582 sed
1231 518 1470 602 duplex
1495 529 1829 600 praeterea
1858 518 2193 584 consilium
2224 521 2429 586 animo
2462 522 2701 587 obver-

183 637 453 700 sabatur
511 655 696 700 meoz
771 633 828 697 si
885 633 1140 719 quidem
1191 631 1396 715 ipsam
1453 625 1715 718 quoque
1770 630 2163 715 disciplinam
2222 631 2699 718 epigraphicam
2765 609 2769 617 ⁸

185 747 588 834 aliquatenus
633 746 932 836 adiuvare
952 789 970 824 ,
1045 741 1408 829 librumque
1453 765 1661 808 meum
1702 744 1973 828 propria
2014 746 2283 830 quadam
2328 749 2481 810 dote
2524 769 2701 812 com-

187 863 496 924 mendare
538 859 842 924 studiosis
885 869 1131 922 mature
1175 861 1613 922 decreveram.
1702 856 1993 922 Primum
2034 856 2238 943 igitur
2272 879 2307 921 e
2336 857 2697 943 largissimo

185 995 362 1058 penu
391 973 978 1060 Hagenbuchiano,
1029 991 1448 1058 quaecunque
1477 971 1812 1066 commode
1840 982 2107 1052 possent
2136 967 2378 1046 afferri,
2422 971 2485 1034 in
2516 991 2699 1034 usum

189 1086 596 1151 eruditorum
639 1097 820 1149 erant
865 1087 1336 1167 depromenda;
1396 1103 1603 1167 neque
1648 1082 1901 1147 silentio
1961 1085 2305 1165 premenda
2365 1085 2695 1160 ducebam,

181 1219 354 1284 quae
397 1197 568 1262 inter
609 1210 736 1262 tam
783 1197 1146 1262 diuturnum
1187 1197 1502 1272 laborem,
1551 1195 1979 1282 gratissimum
2024 1195 2279 1280 quidem
2322 1196 2525 1272 illum,
2574 1196 2703 1279 ipsi

179 1311 337 1375 mihi
373 1308 701 1375 venissent
727 1311 790 1375 in
822 1321 1095 1374 mentem
1125 1308 1677 1392 interpretationis
1708 1319 1772 1372 et
1800 1309 2306 1373 emendationum
2336 1309 2699 1372 tentamina.

181 1425 416 1509 Neque
465 1443 628 1487 vero
673 1423 986 1488 minimam
1044 1422 1310 1487 huiusce
1365 1442 1560 1486 curae
1616 1421 1949 1486 utilitatem
2009 1442 2145 1486 eam
2198 1441 2337 1485 esse
2379 1433 2696 1506 reputem,

183 1540 365 1622 quod
421 1539 586 1602 duce
629 1510 1010 1622 plerumque
1053 1535 1528 1621 Hagenbuehio
1549 1580 1570 1612 ,
1638 1533 1860 1624 titulos
1908 1554 1947 1596 a
1985 1533 2256 1598 diversis
2298 1534 2699 1617 repetitionis

178 1652 320 1715 fere
355 1644 604 1734 ignaris
657 1649 979 1714 exhibitos
1025 1648 1344 1735 varioque
1389 1650 1587 1712 modo
1616 1646 1740 1710 'vel
1773 1648 1975 1711 lectos
2006 1648 2111 1710 vel
2142 1647 2499 1729 explicatos
2528 1646 2699 1710 inter

181 1783 248 1826 se
290 1761 574 1827 contuli:
652 1783 777 1846 qua
821 1761 1078 1846 quidem
1125 1761 1458 1847 diligentia
1513 1759 1595 1838 ii,
1628 1777 1633 1781 ·
1673 1758 1905 1844 qui-bus
1962 1781 2225 1842 magnas
2282 1759 2698 1824 collectiones

181 1873 548 1942 excutiendi
605 1874 904 1938 voluntas
963 1873 1124 1960 erit,
1187 1875 1360 1938 haud
1419 1873 1552 1937 levi
1614 1893 1803 1955 saepe
1868 1872 2155 1936 molestia
2218 1872 2688 1966 liberabuntur.

179 1987 412 2073 Neque
476 1999 690 2052 tamen
757 1987 826 2051 id
905 1988 1029 2051 mei
1104 1987 1294 2053 officii
1351 1985 1539 2062 duxi,
1608 1995 1681 2048 ut
1733 1983 1999 2070 singulis
2056 1983 2122 2047 in
2178 1982 2379 2048 titulis
2446 1983 2681 2061 omnia,

179 2098 294 2164 ubi
347 2097 539 2162 iidem
598 2099 1080 2182 reperirentur,
1140 2101 1380 2182 scripta
1423 2097 1792 2163 indicarem.
1894 2097 2107 2160 Nemo
2164 2096 2363 2181 igitur
2406 2097 2683 2160 exsultet

184 2223 376 2298 atque
419 2211 810 2295 triumphet,
857 2211 967 2276 ubi
1007 2213 1238 2276 librum
1284 2208 1691 2296 investigarit
1732 2231 1767 2272 a
1796 2229 1895 2272 me
1923 2208 2333 2291 praeteritum
2362 2209 2467 2272 vel
2494 2209 2687 2291 plane

178 2325 588 2409 ignoratum3
652 2324 870 2407 potius
930 2345 1083 2402 eos,
1145 2323 1376 2410 quibus
1439 2321 1663 2388 Turici
1718 2320 1810 2387 nti
1852 2320 2005 2384 mihi
2048 2339 2421 2385 concessum
2462 2319 2691 2398 fuerit,

181 2458 268 2500 ex·
303 2437 512 2501 indice
556 2439 868 2501 desumat.

353 2551 650 2615 Alteram
697 2572 857 2615 vero
901 2553 1312 2636 praecipuam
1361 2557 1577 2617 euram
1620 2551 1687 2615 in
1724 2549 1881 2614 illud
1918 2569 2175 2635 quoque
2216 2547 2698 2638 impendendam

181 2663 442 2741 merito,
489 2676 562 2727 ut
606 2665 866 2749 opinor,
913 2677 1090 2730 ratus
1135 2688 1296 2743 sum,
1355 2677 1426 2729 ut
1468 2685 1707 2729 novum
1746 2663 2007 2749 aliquod
2034 2660 2536 2745 supplementum
2566 2679 2701 2722 ma-

183 2800 458 2863 gnarum
499 2798 796 2859 pararem
841 2777 1332 2854 collectionum3
1383 2798 1591 2863 neque
1636 2796 1801 2859 vero
1842 2774 2025 2840 aliter
2052 2774 2119 2839 id
2144 2772 2411 2859 exsequi
2438 2772 2694 2849 licebat,

180 2889 302 2954 nisi
327 2888 621 2955 studiose
648 2892 1074 2976 undecunque
1102 2889 1476 2975 conquisitis
1494 2935 1513 2968 ,
1563 2888 1675 2974 qui
1710 2890 1865 2970 po'st
1890 2887 2218 2951 Donatum
2250 2888 2499 2980 demum
2542 2882 2699 2948 editi

183 3014 436 3079 essent,
499 3001 860 3083 lapidibus3
925 3002 1006 3065 in'
1035 3004 1267 3087 quibus
1309 2999 1845 3076 transcribendis,
1914 3001 2258 3063 dummodo
2301 2998 2471 3061 baud
2512 2996 2699 3059 nimis

184 3114 407 3199 exigui
437 3134 514 3175 ac
543 3114 748 3177 tenuis
779 3114 1150 3180 viderentur
1180 3113 1506 3189 momenti,
1539 3112 1895 3198 largiorem
1923 3111 2255 3196 aliquanto
2277 3130 2375 3173 me
2398 3108 2694 3196 praebui,

180 3248 370 3311 quam
413 3224 482 3289 in
526 3224 628 3303 iis,
677 3226 788 3309 qui
829 3225 1190 3290 iamdudum
1221 3238 1433 3291 essent
1515 3224 1811 3310 ervagati
1850 3234 1915 3287 et
1949 3223 2013 3286 in
2046 3222 2383 3286 ‘thesauros
2422 3220 2697 3295 conditi3

179 3338 372 3422 idque
416 3338 770 3422 praecipue
813 3338 1046 3403 dictum
1091 3352 1230 3404 esto
1276 3327 1354 3403 de
1401 3248 1831 3411 Genterianim
1880 3339 2144 3401 duarum
2180 3334 2305 3397 iam
2353 3332 2700 3399 editionum

183 3470 307 3533 ope
353 3451 638 3515 omnium
685 3452 953 3514 maxime
996 3452 1394 3535 pervulgatis
1437 3472 1514 3515 ac
1557 3471 1679 3533 per
1720 3460 1986 3512 cunctos
2029 3446 2168 3510 fere
2198 3445 2701 3531 antiquariorum

179 3562 386 3627 libros
425 3562 719 3639 laudatis,
769 3564 1113 3646 excerptis,
1161 3564 1430 3627 recusis.
1520 3564 1632 3625 Ex
1672 3558 1937 3625 Gruteri
1971 3558 2173 3644 igitur
2210 3560 2510 3622 thesauro
2547 3580 2702 3641 per-

181 3676 408 3751 multa,
447 3696 612 3759 quae
641 3696 761 3757 per
796 3696 864 3738 se
901 3676 1074 3739 haud
1109 3651 1370 3740 omnino
1404 3674 1843 3759 displicerent,
1874 3672 2169 3741 consulto
2203 3683 2393 3755 atque
2428 3670 2703 3735 scienter

186 3786 618 3869 praetermisi,
664 3807 797 3872 quo
824 3787 1038 3852 locum
1079 3806 1403 3853 servarem
1439 3808 1664 3851 recens
1712 3786 1999 3861 effossis,
2056 3784 2177 3848 etsi
2205 3783 2467 3847 subinde
2496 3782 2701 3844 minus

183 3898 460 3964 forsitan
508 3898 740 3983 dignis,
789 3920 950 3983 quae
987 3899 1122 3963 aliis
1161 3900 1558 3965 Gruterianis
1593 3898 2100 3981 praeferrentur.
2193 3896 2321 3959 Sed
2354 3895 2419 3958 id
2453 3893 2699 3978 peritos
2728 3890 2739 3919 '

185 4008 428 4075 iudices
459 4012 628 4073 hand
659 4012 1130 4096 aegrelaturos
1159 4014 1306 4077 fore
1339 4012 1619 4091 confido,
1652 4010 1763 4074 ubi
1793 4008 2163 4095 cogitat-int,
2202 4030 2392 4094 quam
2418 4006 2697 4097 difficile,

189 4140 508 4207 quamque
559 4122 894 4185 molestum
953 4122 1036 4185 sit
1090 4122 1434 4207 philologo
1492 4124 1558 4186 in
1618 4122 1823 4188 omnis
1868 4122 2119 4207 generis
2166 4118 2697 4204 ephemeridibus,

195 4234 560 4309 itinerariis,
613 4232 936 4316 opusculis
982 4234 1349 4319 antiquariis
1380 4234 1855 4321 pervestigare,
1904 4254 2067 4319 quae
2094 4218 2271 4297 sumn
2306 4230 2701 4314 disciplinam

187 4365 420 4411 revera
489 4344 745 4422 iuvent,
827 4367 1036 4432 neque
1091 4346 1336 4411 inanem
1402 4350 1842 4413 tantummodo
1908 4344 2343 4411 curiositatem
2411 4354 2699 4427 pascant.

189 4459 418 4547 Itaque
464 4457 856 4543 aliquatenus
918 4470 1094 4522 certe
1147 4460 1481 4543 provisum
1541 4460 1665 4525 erit
1682 4506 1701 4537 ,
1764 4472 1837 4524 ut
1890 4458 2197 4545 quidquid
2254 4458 2393 4522 fere
2449 4458 2579 4521 hoc
2634 4454 2703 4517 in

191 4583 628 4655 genere-post
671 4592 898 4635 annum
941 4570 1195 4637 circiter
1237 4570 1791 4639 MDCCLXXV
1834 4572 1897 4635 in
1941 4572 2148 4635 lucem
2179 4569 2447 4645 venerit,
2506 4576 2701 4652 atque
2797 4584 2805 4597 ¹

191 4684 272 4749 ad
315 4680 700 4768 antiquitatis
740 4684 1078 4749 Romanae
1123 4685 1445 4749 scientiam
1503 4684 1979 4776 percipiendam
2030 4702 2188 4748 vere
2244 4682 2574 4759 conserat,
2634 4680 2701 4745 in

917 4792 930 4825 Ο
