3142 5450
517 323 668 384 ,206
765 375 776 398 ,
1160 319 1228 378 c.
1271 321 1351 378 11.
1434 319 1961 416 MONVMENfrA
1998 324 2461 418 ms‘romeA.
2541 344 2550 352 ,
2608 294 2623 318 '

625 455 674 511 1)
711 455 816 503 nst.
836 457 1086 502 Commodi
1125 457 1292 504 titulus
1327 461 1636 517 sepulcralia..
1704 461 1779 507 n·
1814 443 2092 510 mima.
2124 465 2313 512 Potest.
2386 445 2673 526 cnmn'zoai,
2708 485 2771 516 1·-
2804 473 3069 520 aman

551 526 790 581 obscura,
833 530 1029 574 consule
1065 528 1245 574 Eckhel
1283 529 1344 574 D.
1387 529 1447 576 N.
1489 529 1540 578 8.
1580 545 1630 588 p.
1663 527 1782 578 418.
1894 557 1901 570 ·

699 636 831 692 aas.
887 628 1086 687 mvo
1128 627 1573 688 commono
1600 631 1649 710 ιι,
1683 631 1986 692 FRATRI
2034 634 2061 693 ιι
2114 634 2281 694 IMP.
2326 635 2555 698 CAES.
2599 638 2673 698 L.
2718 627 3067 702 SEPTIMI

549 721 841 782 sEvEm
879 723 988 782 PII
1043 725 1068 782 ιι
1124 723 1613 784 PERTINACIS
1659 726 1850 785 Ave..
1913 727 1941 788 ιι
1994 727 2561 792 PRAEPOSITVS
2615 735 3065 796 CRESCENS.

547 813 910 875 SCRIBAE.
966 816 1663 880 FORTVNATIANVS
1710 820 1734 879 ιι
1791 807 2301 883 FELICI'ANVS.
2352 825 2693 898 QVINTIO
2738 835 2765 889 ιι
2809 831 3069 890 ΕνΤῑ,

546 911 774 970 CHES.
819 911 1370 972 PHILVMENVS.
1432 914 1508 974 D.
1549 915 1628 972 D.
1692 946 1755 958 -
1849 914 2095 976 Romae.
2177 919 2355 979 Grut.
2391 924 2537 994 261,
2580 927 2637 983 5.
2719 924 2849 984 cfr.
2898 926 3059 985 Mur.

542 1012 687 1076 243,
729 1015 786 1066 2.
840 1019 900 1066 et
937 1006 1161 1064 Eckhel
1197 1007 1272 1064 D.
1315 1007 1392 1064 N.
1432 1015 1486 1068 7.
1527 1029 1591 1086 p.
1631 1014 1761 1072 132.

693 1124 825 1184 889.
879 1121 971 1178 De
1013 1104 1324 1180 Commodi
1357 1120 1563 1179 onre
1582 1165 1599 1192 ,
1644 1122 1931 1198 Crispina
1967 1123 2239 1202 Augusta
2257 1168 2273 1195 ‚
2332 1129 2579 1206 eiusque
2614 1141 2791 1206 patre
2834 1143 2903 1189 et
2938 1135 3062 1190 fra-

539 1225 658 1271 tre.
699 1215 812 1272 cfr.
871 1214 1096 1272 Marini
1143 1219 1292 1270 Atei.
1343 1235 1406 1292 p.
1447 1220 1583 1278 697.
1665 1217 1895 1277 Mentio
1950 1219 2077 1276 eins
2144 1217 2215 1278 fit
2282 1221 2350 1278 in
2406 1241 2619 1280 marm.
2678 1225 2899 1284 mutilo
2958 1247 3057 1302 ep.

543 1307 722 1367 Grut.
759 1315 901 1378 170,
947 1313 1002 1368 7.
1084 1309 1182 1366 Ad
1221 1309 1470 1368 eandem
1506 1313 1695 1368 refert
1734 1310 1954 1370 Saxius
1992 1313 2162 1372 Mass.
2198 1317 2253 1374 4.
2294 1335 2357 1391 p.
2394 1317 2561 1379 254.'
2608 1317 2772 1376 Mur.
2802 1325 2957 1389 507,
3000 1329 3055 1378 2.

542 1403 708 1462 ΙΜΡ.
761 1403 954 1462 AVG.
996 1401 1486 1463 VESPASIANI
1531 1405 1554 1465 ΙΙ
1598 1405 1949 1464 PROSIAE
1997 1405 2447 1466 CRISPINAE.
2528 1410 2735 1482 Antii;
2778 1431 2810 1470 e
2848 1413 3063 1490 Vulpii

407 1542 417 1551 ,
539 1499 710 1554 Latio
749 1499 826 1556 T.
855 1505 914 1560 5.
951 1519 1013 1574 p.
1045 1501 1139 1558 40.
1224 1497 1344 1555 Sed
1393 1497 1699 1557 BRVTIA
1751 1519 1873 1557 non
1926 1500 2223 1560 PROSIA
2275 1502 2652 1562 CRISPINA
2704 1507 2805 1564 illa
2858 1511 3061 1565 nonm-

541 1589 820 1650 nahatnr.
896 1592 1244 1652 Notandum
1297 1611 1532 1670 quoque
1550 1636 1566 1661 ‚
1628 1591 1741 1652 suh
1786 1594 2112 1653 Commodo
2158 1597 2254 1654 vel
2293 1599 2495 1672 paullo
2532 1611 2707 1676 post,
2764 1604 3057 1677 usurpari

535 1699 815 1763 coeptam
853 1705 986 1745 esse
1025 1687 1342 1747 formulam
1379 1687 1464 1744 IN
1503 1686 1909 1746 HONOREM
1944 1689 2229 1748 DOMVS
2274 1690 2639 1752 DIVINAE.
2718 1713 2779 1752 v.
2825 1695 3055 1755 Marini

537 1784 693 1838 Atti.
717 1797 794 1858 ⁸1).
821 1785 956 1842 647.
999 1793 1059 1840 et
1097 1787 1228 1845 851.

687 1899 819 1955 890.
875 1894 952 1951 D.
997 1893 1082 1952 M.
1137 1894 1162 1954 11
1219 1893 1304 1952 Μ.
1347 1893 1693 1953 ΑΝΤΟΝΠ
1730 1895 1963 1954 ΑΝΤΠ
1999 1896 2190 1956 LVPI
2227 1897 2335 1956 PR
2388 1898 2414 1957 ΙΙ
2470 1899 2853 1958 PATRICII.
2913 1903 3059 1966 ,ΑΥ-ε
3119 1965 3120 1992 3

539 1986 808 2046 GVRIS.
852 1987 1202 2060 QVAEST.
1249 1987 1542 2046 SODAL.
1590 1989 1809 2047 TITII.
1855 1990 2045 2059 TRIB
2090 1995 2114 2051 ΙΙ
2160 1983 2327 2051 MIL.
2368 1991 2553 2051 LEG.
2588 1984 2668 2050 ΪΓ.
2710 1995 3051 2054 ADIVTR.

535 2083 746 2140 PIAE.
808 2081 1070 2140 FIDEL.
1131 2071 1210 2140 ἶ
1232 2083 1372 2141 VIR
1421 2083 1608 2142 STL.
1669 2085 1833 2142 IVD.
1889 2085 2173 2143 PRAEF.
2228 2087 2383 2144 FER
2446 2087 2475 2145 1}
2506 2081 2721 2145 'LAT.
2808 2089 3051 2147 cvlvs

533 2177 980 2236 MEMORIAM
1019 2178 1178 2235 PER
1215 2177 1367 2234 VIM
1407 2175 1818 2237 OPPRESSI.
1842 2179 1891 2256 ¹)
1932 2179 2017 2242 IN
2061 2180 2085 2238 n
2128 2180 2557 2238 INTEGRVM
2598 2180 3051 2244 SECUNDVM

531 2271 1011 2331 AMPLISSIMI
1052 2271 1381 2330 ORDINIS
1441 2272 1464 2330 ΙΙ
1523 2271 2024 2330 CONSVLTVM
2075 2273 2547 2333 RESTITVTA
2585 2275 2837 2353 EST.·-’)
2922 2279 3053 2337 SE-

530 2367 976 2426 PVLCHRVM
1015 2367 1124 2424 AB
1163 2366 1270 2425 EO
1315 2365 1703 2424 COEPTVM
1760 2367 1785 2426 u
1844 2365 2259 2426 CLAVDIAE
2306 2367 2715 2428 REGILLAE
2756 2367 3045 2430 VXORI.

482 2443 486 2448 ¹
529 2462 639 2519 ET
679 2461 985 2518 ANTIAE
1027 2459 1608 2520 MARCELLINAE
1650 2461 1803 2518 ΕΠ..
1851 2463 1877 2520 ΙΙ
1926 2461 2309 2520 PIETATIS
2350 2462 2563 2521 SVAE
2606 2463 2833 2523 ERGA
2872 2467 3051 2524 EVM

533 2554 1184 2614 TESTIFICANDAE
1227 2554 1536 2612 GRA'I'IA
1578 2555 1685 2612 ET
1732 2558 1757 2613 ΙΙ
1812 2555 2155 2616 NOMINIS
2197 2556 2381 2616 EIVS
2422 2557 2505 2616 IN
2544 2559 3051 2618 PERPETVVM

532 2649 1050 2710 CELEBRANDI
1111 2647 1697 2708 PERFECERVNT
1765 2647 2115 2708 ATFINES
2180 2649 2309 2729 (sic)
2378 2651 2403 2709 11
2473 2652 2557 2710 Μ.
2628 2653 3047 2714 VALERIVS

531 2746 866 2807 BRADVA
891 2744 1329 2817 MAVRICVS.
1361 2744 1685 2804 PONTIF.
1728 2744 1835 2803 ET
1875 2745 2251 2804 ANTONIA
2276 2736 2687 2806 VITELLIA.
2736 2750 2761 2810 ΙΙ
2807 2750 3055 2809 AMJCI

537 2842 562 2900 ιι
607 2842 684 2914 Q.
726 2838 1020 2899 FAmvs
1059 2814 1587 2897 HONORATVS.
1632 2839 1708 2896 T.
1744 2839 2129 2897 ANNAEVS
2167 2840 2589 2900 PLAcmVS.
2640 2874 2704 2887 -
2787 2842 3041 2903 Romae.

531 2936 710 2995 Grnt.
747 2938 891 3016 556,
936 2942 990 2993 1.
1071 2933 1219 2992 Post
1254 2933 1408 2991 hanc
1448 2935 1909 3011 inscriptionem
1954 2936 2016 2991 in
2057 2934 2190 2993 eod.
2238 2936 2357 3013 lap.
2397 2936 2808 3015 sequebantur
2840 2942 3049 2995 minu-

527 3040 625 3101 tae
661 3031 870 3087 literae
903 3028 1154 3087 Latinae
1193 3040 1254 3087 et
1294 3028 1583 3097 Graecae,
1628 3047 1779 3107 quae
1818 3040 2111 3087 vetustate
2150 3048 2338 3107 paene
2376 3042 2537 3091 totae
2582 3030 3043 3091 obsoleverunt.

448 3167 456 3175 .
529 3124 686 3185 Add.
733 3124 909 3183 Grnt.
952 3142 1028 3182 ex
1065 3122 1368 3183 Mazochii
1407 3124 1635 3193 Cor-rig.
1675 3123 1749 3181 ad
1787 3128 1931 3192 169,
1982 3132 2075 3183 10.

603 3226 654 3283 1)
701 3226 817 3271 Seii.
859 3240 887 3269 ιι
923 3218 1210 3270 Commodo.
1283 3223 1528 3281 Lamprid.
1571 3224 1619 3269 in
1658 3224 1760 3269 eius
1795 3226 1925 3271 Vita.
1966 3225 2024 3269 C.
2063 3222 2112 3269 7.
2153 3225 2407 3271 interemit
2440 3249 2509 3259 —
2542 3225 2779 3269 Anicium
2816 3224 3040 3284 Lupum,

529 3296 612 3357 nbi
649 3296 773 3341 cod.
811 3296 922 3340 Pal.
961 3295 1141 3341 rectius
1175 3294 1383 3341 Antium
1417 3294 1629 3352 Lupum.
1684 3294 1826 3339 (ἑκ-ιιι.
1920 3292 1973 3349 2)
2028 3294 2236 3349 Capitol.
2286 3296 2333 3339 in
2375 3294 2659 3339 Pertismce.
2701 3296 2761 3341 C.
2794 3294 2845 3341 ⁶.
2884 3297 3041 3343 Revo-

528 3366 662 3410 cavit
695 3367 848 3411 etiem
882 3377 969 3409 eos
1005 3366 1092 3425 qui
1124 3364 1373 3424 depos-mu·
1391 3360 1611 3423 suerunt
1644 3365 1857 3407 erimine
1893 3364 2176 3409 tunicatam
2192 3397 2206 3420 ,
2264 3378 2437 3410 eorum
2482 3366 2729 3411 memoria
2774 3372 3039 3425 rectum,

528 3436 613 3497 qiu'
645 3436 808 3483 oeeiu‘
824 3430 1063 3500 ficerunt.
1138 3434 1244 3481 Cfr.
1285 3436 1344 3481 de
1379 3434 1467 3480 hac
1501 3434 1723 3491 inscript.
1761 3434 1939 3480 Marini
1974 3434 2096 3481 Atti.
2134 3450 2183 3493 p.
2216 3433 2334 3483 181.

545 3709 552 3719 ·
661 3672 1152 3737 Hsozusvcnu
1187 3672 1528 3761 Exeursus
1571 3672 1652 3733 ad
1690 3668 1945 3756 figlinas
1991 3670 2338 3737 Commodi
2380 3682 2444 3735 et
2488 3619 2881 3738 Pertinacis.¹

673 3830 1026 3891 Bimardum
1049 3833 1114 3889 in
1139 3832 1367 3885 Meu-at.
1391 3830 1623 3899 Proleg.
1646 3848 1709 3905 p.
1738 3835 1865 3887 122.
1897 3830 1973 3886 D.
2000 3828 2075 3886 ad
2096 3829 2271 3887 Grnt.
2294 3833 2427 3899 262,
2455 3833 2514 3891 6.
2546 3842 2606 3887 et
2630 3836 2762 3900 255,
2791 3840 2849 3895 3.
2878 3832 3035 3907 (non

523 3913 637 3971 553
653 3952 668 3977 ‚
713 3906 798 3984 5.)
841 3926 910 3965 ac
935 3910 989 3963 si
1017 3907 1133 3964 dno
1161 3906 1400 3963 diversa
1427 3916 1629 3961 essent
1655 3908 2079 3983 epigrammata
2098 3947 2114 3972 ,
2158 3925 2343 3983 quum
2368 3908 2611 3963 nonnisi
2636 3925 2825 3962 unum
2850 3910 2956 3975 sit,
2998 3927 3033 3963 a

528 3986 792 4044 Grutero
817 3982 912 4040 his
940 3981 1142 4040 datum
1165 4000 1531 4059 provocasse
1562 3978 1877 4038 Commodi
1913 3993 2039 4038 tum
2067 3983 2477 4055 praenominis
2496 4024 2509 4049 ,
2554 3993 2681 4037 tum
2718 3984 3033 4040 titulorum

526 4064 655 4119 eins
680 4058 1105 4137 principalium
1131 4074 1376 4125 caussa,
1420 4058 1631 4114 notavi
1666 4058 1742 4114 ad
1779 4068 2097 4135 utrumque
2124 4057 2374 4115 Gruteri
2396 4055 2615 4114 locum.
2684 4056 2813 4115 cfr.
2846 4058 3026 4116 (ἔτι-ιιι.

389 4142 400 4153 “
524 4144 656 4205 177,
687 4144 744 4197 2.
777 4142 907 4204 178,
939 4140 995 4194 4.
1052 4134 1142 4191 Ita
1169 4150 1310 4191 mox
1335 4134 1493 4191 idem
1512 4132 1831 4192 Bimardus
1857 4153 1919 4210 p.
1948 4141 2078 4193 124.
2108 4132 2365 4191 similem
2390 4134 2707 4191 committit
2730 4151 3027 4201 errorem,

525 4210 602 4271 oh
621 4228 987 4289 praenomen
1008 4209 1092 4267 M.
1117 4209 1428 4269 Commodi
1453 4210 1662 4265 ultimo
1689 4210 1925 4283 imperii
1952 4210 2079 4267 eins
2106 4228 2264 4267 anno
2284 4228 2625 4285 provocans
2652 4208 2727 4266 ad
2754 4210 2909 4267 duas
2938 4213 3035 4267 in-

524 4290 885 4363 scriptiones
914 4286 1090 4344 Grnt.
1123 4288 1263 4355 184,-
1313 4292 1364 4342 1.
1410 4297 1468 4341 et
1494 4286 1652 4341 Don.
1689 4284 1881 4342 class,
1913 4284 1991 4341 11.
2028 4292 2155 4343 127.
2178 4328 2193 4353 ‚
2238 4304 2387 4362 quas
2420 4287 2663 4341 nonnisi
2688 4304 2873 4341 unam
2900 4304 3033 4342 esse

522 4364 618 4422 vel
639 4384 713 4421 ex
733 4362 908 4421 Gon-ii
928 4372 1068 4418 nota
1094 4363 1388 4437 potuisset
1413 4360 1639 4429 videre,
1662 4380 1799 4437 pag.
1826 4363 2027 4436 operis
2050 4360 2313 4417 Doniani
2333 4365 2428 4419 99.
2460 4372 2725 4417 extrema
2746 4362 2899 4417 haec
2920 4381 3035 4419 no-

517 4442 737 4501 tantisz
781 4444 911 4496 127.
953 4438 1228 4490 Maricam
1260 4438 1436 4490 edidit
1465 4436 1610 4489 hanc
1642 4442 2063 4509 inscriptitmem
2096 4439 2272 4507 sigilli
2300 4442 2566 4508 antiquae
2594 4436 2843 4507 figlinae
2868 4440 3032 4491 Gru-

519 4528 672 4571 terus
705 4520 833 4580 184,
864 4522 920 4573 1.
951 4523 1065 4570 cet.
1137 4510 1301 4584 Quid
1321 4512 1538 4569 fuisset
1560 4513 1827 4569 futurum
1846 4554 1861 4578 ‚
1906 4514 1957 4567 si
1984 4510 2305 4569 Bimardns
2336 4512 2649 4587 epi-stolam
2675 4531 2851 4571 suam
2874 4515 3035 4570 scri-

517 4596 742 4669 psisset
777 4599 918 4665 post
953 4588 1172 4646 editum
1201 4588 1601 4645 Muratoriani
1642 4588 1939 4644 Thesauri
1976 4589 2231 4645 Tomuin
2256 4588 2305 4643 1.
2328 4628 2344 4657 ,
2389 4591 2454 4644 in
2486 4590 2653 4645 cuius
2684 4608 2747 4664 p.
2776 4592 2891 4649 345
2910 4632 2927 4655 ‚
2974 4596 3027 4644 1.

515 4680 584 4724 ut
625 4666 846 4724 inedita
889 4664 1064 4721 datur
1103 4664 1453 4740 inscriptio,
1509 4681 1659 4740 qnae
1690 4662 1937 4720 Gruteri
1979 4673 2036 4719 et
2074 4660 2255 4720 Donii
2295 4682 2477 4739 opera
2520 4666 2637 4720 iam
2674 4662 3033 4739 prodierat?

517 4762 673 4801 anne
703 4752 1008 4818 tamquam
1041 4738 1118 4799 ad
1141 4750 1266 4797 tres
1293 4740 1566 4828 diversas
1594 4740 2023 4815 inscriptiones
2052 4740 2230 4796 Grut.
2258 4738 2420 4797 Don.
2452 4751 2512 4797 et
2536 4740 2698 4797 Mur.
2728 4758 3032 4815 provoca-
