3142 5450
963 404 2611 513 PRAEFATio.17

116 614 657 697 supplementum,
732 616 963 699 partim
1027 637 1109 678 ex
1175 614 1455 679 eiusdem
1523 617 1773 681 schedis
1842 620 2334 721 depromptum,
2411 622 2612 683 seda

116 728 305 792 nobis
344 727 653 814 singulari
694 730 911 793 studio
956 740 1232 793 auctum.
1322 730 1388 791 A
1429 728 1948 793 Christianorum
1987 729 2150 793 v'ero
2195 733 2618 795 monumentis

116 844 219 919 (de
279 862 553 925 quorum
608 841 678 905 in
723 839 1092 927 antiquitate
1136 839 1561 905 ecclesiastica
1605 861 1728 903 usu
1770 852 1920 923 post
1963 842 2380 905 Muentcrum
2422 866 2612 927 prae-

114 953 288 1016 clare
326 974 535 1036 nuper
578 952 928 1035 disputavit
972 954 1343 1031 Gesenius,)
1388 935 1658 1035 paucula
1703 956 2012 1036 quaedam
2057 952 2111 1016 si
2155 954 2436 1038 excipias
2473 956 2618 1019 hinc

114 1066 257 1127 inde
312 1086 577 1148 sparsa,
639 1065 761 1128 fuit
820 1064 1291 1141 abstinendum,
1364 1088 1440 1127 ne
1506 1066 1772 1127 licenter
1815 1063 2089 1128 instituti
2133 1066 2256 1129 mei
2299 1068 2458 1137 fines
2503 1069 2618 1131 mi-

116 1198 401 1262 grarem.
448 1210 534 1221 -—
620 1178 701 1241 In
741 1178 1437 1260 temporum'ratione'
1478 1180 1800 1253 notanda,
1865 1177 2103 1265 ubique
2164 1190 2419 1245 secutus
2478 1203 2616 1245 sum

116 1291 347 1363 Fastos
396 1290 1035 1355 Almeloveenianos.

284 1404 629 1486 Superest,
691 1414 760 1465 ut
801 1402 1217 1492 delegibus,
1286 1424 1443 1487 quas
1488 1403 1548 1465 in
1597 1404 1850 1467 edendis
1909 1404 2436 1487 inscriptionibus
2479 1406 2616 1489 ipse

118 1515 269 1579 mihi
322 1515 595 1597 scripsi,
660 1516 880 1599 paucis
941 1536 1284 1597 exponam.
1399 1516 1475 1579 Iu
1532 1514 1612 1579 iis
1655 1538 1735 1579 ne
1779 1538 1901 1578 una
1946 1516 2198 1600 quidem
2235 1494 2494 1581 ‘literula
2539 1521 2616 1581 dc

119 1627 527 1703 coniectura,
600 1628 719 1691 etsi
764 1647 954 1711 saepe
1000 1625 1393 1701 certissima,
1458 1638 1557 1689 est
1615 1627 1968 1691 immutata.
2059 1629 2138 1691 Id
2180 1640 2420 1691 tantum
2467 1630 2620 1692 mihi

120 1740 364 1803 arbitrii
422 1740 700 1823 sumpsi,
762 1750 835 1802 ut
891 1751 1055 1822 quae
1099 1738 1163 1802 in
1211 1739 1726 1803 adnotationibus
1767 1740 2144 1823 praesertim
2190 1741 2494 1805 Gudianis
2539 1744 2620 1805 ad

120 1854 477 1915 Gruterum
520 1828 843 1935 tamquam
888 1851 1163 1935 lapidum
1207 1849 1501 1934 ipsorum
1547 1852 1904 1915 afferuntur
1946 1852 2281 1929 lectioneS,
2331 1876 2444 1917 sna
2477 1854 2618 1936 ple-

126 1986 397 2049 rumque
450 1963 763 2027 evidentia
808 1984 945 2027 sese
990 1966 1525 2039 commendantes,
1570 1964 1964 2048 postliminio
2007 1964 2388 2048 reciperem,
2435 1966 2616 2029 item-

118 2098 239 2161 que
298 2099 382 2139 ex
447 2076 585 2139 aliis
646 2074 921 2139 aliorum
982 2075 1153 2157 typis
1210 2075 1718 2141 accuratioribus
1777 2088 2124 2161 corruptos
2185 2082 2612 2157 emendanem.

118 2191 299 2253 Haec
358 2209 523 2253 vero
582 2189 793 2266 ratio,
853 2188 1213 2251 necessario
1271 2184 1412 2251 fere
1472 2190 1778 2263 tenenda,
1839 2188 1949 2252 ubi
2005 2184 2343 2283 ἀρχετύπῳ
2404 2213 2616 2255 sumus

121 2300 427 2377 destituti,
477 2322 596 2364 cur
641 2310 747 2363 aut
794 2299 1053 2365 omnino
1096 2300 1622 2383 reprehendenda
1668 2300 1774 2374 sit,
1833 2312 1940 2363 aut
1986 2302 2064 2363 ab
2110 2301 2326 2386 aliquo
2369 2301 2616 2385 impro-

120 2414 257 2477 bari
312 2412 645 2496 potuerit,
716 2412 1005 2497 equidem
1064 2432 1336 2493 prorsus
1392 2430 1525 2475 non
1580 2412 1914 2497 intelligo:
1981 2412 2146 2477 idem
2203 2414 2366 2477 euim
2413 2415 2619 2478 critici

122 2548 333 2589 omnes
386 2524 585 2588 licere
646 2524 804 2601 sibi,
874 2524 1070 2587 immo
1116 2522 1215 2586 sui
1260 2522 1455 2589 officii
1498 2523 1561 2586 in
1601 2522 1826 2622 primis
1871 2540 2010 2589 esse
2053 2547 2305 2609 semper
2337 2522 2614 2590 'censue-

120 2652 299 2715 runt‚
372 2650 448 2700 ut
506 2636 783 2701 diversis
841 2657 877 2699 e
935 2634 1267 2721 codicibus
1320 2636 1522 2719 ipsius
1583 2635 1921 2719 scriptoris
1976 2642 2228 2700 manum
2279 2638 2618 2702 restituere

121 2763 549 2824 conarentnr3
594 2749 753 2812 illud
782 2753 1224 2814 tautummodo
1251 2749 1744 2831 inscriptionum
1775 2771 2033 2835 quoque
2063 2750 2340 2814 editores
2362 2763 2619 2816 servent

120 2885 383 2926 necesse
432 2875 565 2937 est,
633 2873 707 2923 ut
748 2859 1119 2943 scriptionis
1165 2849 1537 2924 varietatem
1581 2861 1886 2946 religiose
1930 2862 2138 2925 ubivis
2183 2874 2483 2938 enotent,
2546 2887 2620 2926 ae

117 2973 493 3058 posteritati
530 2972 751 3037 iudicii
790 2972 1044 3036 ferendi
1072 2983 1459 3055 potestatem
1489 2973 1886 3055 permittant.
1977 2975 2426 3056 Supplementa
2461 2997 2620 3044 vero

122 3088 447 3151 rarissime
488 3085 867 3170 fragmentis
911 3095 1058 3147 sunt
1114 3084 1389 3160 inserta,
1451 3107 1653 3170 eaque
1715 3085 1917 3150 literis
1976 3085 2328 3154 minoribus
2385 3109 2618 3150 excusa

123 3213 181 3262 et
209 3201 395 3263 uncis
425 3199 691 3279 insuper
720 3217 757 3259 a
784 3191 1059 3278 lapidum
1087 3193 1245 3279 ipsis
1269 3197 1551 3281 reliquiis
1577 3198 1952 3281 plerumque
1983 3183 2254 3261 seclusa.
2300 3197 2620 3265 Paucissi-

122 3315 233 3376 mis
278 3309 613 3392 exceptis,
663 3309 925 3393 (quibus
967 3329 1218 3390 semper
1258 3321 1387 3372 cet.
1434 3307 1867 3392 subscriptum
1923 3315 2058 3390 est)
2119 3333 2335 3376 omnes
2393 3310 2621 3374 inscri-

120 3423 377 3507 ptiones
424 3423 711 3505 integras
757 3423 933 3497 dedi,
996 3421 1115 3484 etsi
1155 3420 1221 3484 iu
1264 3422 1391 3484 fine
1435 3421 1523 3484 nil
1566 3421 1688 3486 nisi
1743 3421 2042 3498 nomina,
2101 3424 2206 3486 vel
2263 3422 2620 3486 notissimas

69 3594 75 3603 .
122 3538 439 3600 formulas
484 3535 879 3618 sepulcrales
923 3535 1365 3598 continerent:
1410 3533 1553 3615 ipse
1599 3532 1762 3597 enim
1809 3532 1994 3596 nimis
2039 3555 2226 3617 saepe
2271 3509 2644 3600 molestiam'

122 3649 285 3712 illam
330 3659 641 3744 expertus
680 3667 889 3724 eram,
939 3667 1063 3730 qua
1104 3629 1444 3722 afficimur,
1490 3623 1605 3709 ubi
1633 3648 1958 3710 decurtata
1984 3645 2316 3729 inscriptio
2349 3650 2622 3712 offertur

124 3761 529 3837 timentibus,
586 3781 665 3823 ne
726 3758 1048 3844 gravioris
1094 3757 1331 3842 aliquid
1373 3758 1676 3822 momenti
1722 3757 1910 3824 nobis
1955 3759 2340 3824 subtraxerit
2384 3761 2618 3824 editor.

128 3875 383 3938 Versus
426 3871 912 3954 inscriptionum
958 3871 1127 3933 linca
1168 3881 1537 3934 transversa
1584 3890 1802 3933 omnes
1845 3871 2013 3932 inter
2049 3891 2118 3934 se
2155 3871 2618 3946 discriminavi;

129 3984 209 4048 ita
252 3997 325 4048 nt
372 4004 689 4068 quemque
730 3981 979 4046 titulum
1026 3981 1325 4044 facillima
1369 4003 1568 4065 opera
1626 3981 1956 4063 pristinam
1996 3981 2062 4045 in
2107 3982 2380 4047 formam
2413 3988 2622 4049 denuo

131 4097 431 4190 redigere
478 4115 698 4180 queas.
789 4096 1015 4158 Locos
1059 4114 1399 4170 saxorum,
1448 4092 1810 4178 ubicunque
1855 4105 2129 4177 propter
2166 4097 2452 4177 priorum
2495 4098 2624 4160 edi·

130 4221 339 4273 torum
390 4206 757 4272 socordiam
803 4228 931 4292 ego
975 4207 1146 4269 haud
1198 4207 1603 4290 ignorarem,
1671 4219 1968 4270 accurate
2029 4208 2368 4284 adnotavi,
2441 4209 2627 4272 sicuti

133 4334 190 4383 ct
244 4323 491 4398 libros,
552 4323 716 4383 unde
771 4321 1269 4404 unumquodque
1330 4321 1727 4400 desumptum
1802 4333 1923 4382 est.
2041 4322 2396 4396 Notarium
2471 4344 2626 4407 quas

134 4435 450 4510 barbaro,
522 4435 635 4496 sed
688 4431 927 4496 usitato
988 4431 1347 4495 iamdudum
1395 4431 1455 4494 in
1501 4453 1576 4494 re
1622 4430 2405 4518 epigraphicaG-vocabulo
2449 4435 2632 4518 sigla

140 4547 234 4609 vel
273 4547 499 4631 siglas
548 4545 907 4628 appellant,
954 4541 1553 4624 interpretationem
1587 4543 1823 4627 ubique
1853 4545 1992 4606 fere
2025 4546 2258 4621 adieci,
2310 4568 2387 4608 ne
2425 4547 2630 4609 lector
2673 4609 2686 4632 Ι

140 4657 333 4722 minus
376 4661 507 4722 hoc
550 4658 613 4720 in
662 4676 900 4742 genere
943 4665 1261 4729 versatus,
1310 4657 1415 4718 vel
1457 4656 1741 4718 incertus
1783 4657 2102 4734 haereret,
2151 4658 2253 4720 sel
2299 4661 2374 4719 ad
2414 4681 2631 4721 carum

143 4771 559 4846 coniectores,
580 4767 905 4834 Coletium
934 4780 999 4832 et
1023 4769 1441 4842 Gerrardum,
1476 4767 1682 4830 omnis
1716 4789 1973 4852 genens
2007 4768 2633 4834 erroribusrcscrtos

218 4884 249 4920 Γ.
254 4885 387 4924 ‹ut-‚net
418 4881 703 4936 laseri-lenta
684 4885 780 4921 auu.
2091 4883 2130 4942 2

570 4999 601 5014 ‘-
