3142 5450
369 278 375 287 ·
470 249 631 340 '473
790 233 795 236 ¹
888 277 959 338 c.
1001 279 1165 336 vm.
1244 241 1930 340 nonnum-imno
1972 282 2194 359 APVD
2233 283 2658 344 Romanos.

530 457 537 466 .
592 467 599 474 ,
671 408 745 466 L.
802 407 1149 485 (LVCIA.)
1200 414 1347 477 555,
1396 411 1486 468 14.
1546 410 1616 466 L.
1655 410 2061 465 Macedonicae
2107 431 2184 482 ex
2219 413 2338 489 lap.
2379 413 2800 491 Hispaniensi
2859 429 3074 484 suspe-

521 515 641 560 cto.
683 532 759 548 -
794 506 939 570 547,
985 507 1039 561 5.
1119 501 1193 559 L.
1246 501 1517 560 AELIA.
1560 520 1638 560 ex
1685 503 1806 579 lap.
1859 505 2068 562 mutilo
2113 518 2174 562 et
2213 518 2536 582 corrupto,
2592 505 3071 584 legendumque

402 639 409 656 .
518 593 1138 657 fortasse1.AEL1A.
1198 625 1262 638 -
1330 601 1475 663 552,
1525 603 1584 652 2.
1661 595 1910 671 LYCIA
1951 599 2448 658 VALENTINA.
2495 601 2803 660 omnihus
2879 600 3072 654 liter..

522 692 815 764 scriptum
853 689 1221 766 gentilicium
1266 698 1358 745 est
1400 707 1642 745 nomeu.
1664 705 1754 734 “·-
1795 694 1940 760 458,
1983 695 2040 751 4.
2095 694 2164 773 L.
2210 694 2452 750 Caecilia
2489 697 2788 750 Alcestim
2847 704 2968 749 est
3005 692 3074 747 la-

518 785 616 859 pis
666 781 1093 839 Verderianus.
1175 780 1278 840 Sic
1337 801 1550 838 rursus
1603 786 1746 852 441,
1803 791 1859 844 9.
1957 784 2250 845 Maiorem
2291 790 2494 866 utique
2531 787 2728 846 fidem
2777 799 3074 844 meretur

520 881 665 941 4127,
710 881 767 936 5.
790 917 805 944 ,
849 875 1007 952 quod
1047 878 1339 951 repetitur
1365 875 1507 946 448,
1548 880 1621 934 92
1703 877 1765 932 L.
1805 878 2088 932 Peduceae
2123 882 2379 934 Iulianae
2390 904 2412 943 ,-
2452 900 2530 940 ex
2553 881 2822 939 schediu
2871 892 3078 936 tamea

519 969 848 1045 profertur.
932 968 1155 1026 Contra
1198 975 1340 1036 528,
1384 977 1441 1030 8.
1545 968 1621 1026 L.
1665 969 2044 1029 AVRELIA.
2090 972 2379 1032 SATVR.
2431 975 2670 1038 videtur
2711 977 2970 1052 potius
3023 975 3078 1027 L

521 1065 867 1116 Aurelianus
908 1064 1101 1117 Satur.
1152 1090 1215 1106 ·-·
1274 1067 1419 1130 576,
1468 1067 1523 1122 5.
1579 1063 1897 1139 legendum
1943 1076 2035 1122 est
2077 1067 2401 1138 Zmaragdi
2437 1068 2754 1146 L.(1'bert1‘)
2803 1072 3078 1122 Dum-it..

521 1157 878 1228 Apolllnart's
914 1155 1128 1232 (servi)
1172 1156 1533 1214 cubicularii.
1575 1155 1852 1214 ΗΛΟΕΝΒ.
1899 1163 2014 1220 627
2030 1201 2048 1228 ,
2093 1164 2150 1220 9.
2219 1161 2286 1216 L.
2327 1163 2534 1218 Lar-tia
2575 1163 2956 1220 admodum
2997 1175 3078 1216 est

524 1247 727 1306 dubia.
754 1279 817 1292 —
846 1253 981 1317 655,
1012 1257 1105 1308 1ο.
1152 1250 1218 1304 L.
1240 1249 1551 1322 Pomponia
1570 1261 1664 1307 est
1681 1251 1748 1305 L.
1769 1252 2214 1325 Pomponiana-r,
2243 1265 2310 1311 ut
2328 1258 2549 1314 rectius
2569 1257 2742 1314 idem
2765 1255 3095 1330 Sealiger¹

524 1343 652 1398 Ind.
682 1349 773 1402 20.
814 1373 871 1386 -·-
906 1343 1033 1410 754,
1066 1353 1121 1403 1.
1165 1344 1233 1398 L.
1256 1344 1471 1397 Rutilia
1488 1346 1762 1398 severina
1790 1343 2040 1402 debetur
2057 1347 2374 1424 Pingonio.
2417 1381 2482 1393 —
2521 1351 2732 1408 Minus
2759 1360 3076 1424 suspecta

527 1447 621 1493 est
642 1443 771 1506 752,
792 1443 851 1498 9.
876 1436 947 1493 L.
971 1436 1319 1494 AFRENA.
1342 1437 1411 1494 C.
1442 1437 1509 1493 F.
1537 1436 1934 1496 SECVNDA.
1959 1469 2021 1482 --
2043 1446 2174 1509 757,
2207 1454 2260 1500 1.
2301 1441 2374 1499 L.
2397 1443 2702 1502 ARCIAE
2727 1454 2840 1500 est
2861 1443 3080 1499 LAR-

530 1529 737 1587 CIAE.
764 1550 848 1573 ·-
882 1537 1011 1599 787,
1036 1537 1091 1591 5.
1135 1531 1201 1586 L.
1228 1533 1443 1586 Gemin.
1462 1532 1760 1604 Myrines:
1787 1532 1892 1606 „L.
1917 1551 2038 1590 non
2061 1533 2240 1592 habet
2256 1535 2467 1612 lapis.''
2497 1537 2653 1595 Gud.
2697 1571 2772 1581 —
2823 1542 2990 1602 825,
3023 1545 3074 1596 8.

528 1623 605 1688 L.
647 1635 737 1681 est
778 1631 1206 1698 quinquaginta.
1279 1653 1341 1668 -
1402 1630 1544 1693 859,
1609 1633 1664 1684 1.
1730 1646 1844 1702 pro
1891 1627 1962 1683 L.
2012 1627 2346 1686 ATILIAE
2387 1630 2708 1689 CVPITO.
2775 1632 3072 1688 Zachar.

526 1719 775 1774 Exeat-s.
820 1721 908 1774 lit.
950 1738 1013 1795 p.
1057 1725 1151 1782 53.
1194 1720 1417 1775 rectius
1463 1718 1565 1774 dat
1602 1717 1676 1774 L.
1717 1717 1998 1776 ATILIO
2039 1719 2359 1779 CVPITO.
2421 1752 2484 1764 —
2537 1727 2675 1791 861,
2735 1731 2803 1784 7.
2861 1724 3066 1800 (Mur.

529 1818 711 1882 1077,
757 1811 840 1888 1.)
882 1823 973 1869 est
1004 1811 1158 1888 lapis
1186 1811 1639 1902 Hispaniensip,
1683 1829 1714 1868 e
1755 1812 1988 1870 schedis
2026 1812 2332 1872 dumtaxat
2369 1815 2657 1890 prolatus,
2693 1847 2771 1862 —·
2809 1822 2946 1878 867
2967 1860 2988 1888 ,
3017 1822 3070 1876 6.

526 1897 601 1963 Ῑ..
646 1904 944 1983 significat
978 1907 1257 1961 Libertus.
1309 1905 1586 1962 HAann.
1639 1934 1701 1947 --
1757 1907 1903 1976 886,
1944 1909 2002 1966 6.
2083 1907 2156 1964 L.
2196 1909 2460 1978 Libet-ta,
2505 1910 2746 1966 collatis
2793 1917 2968 1976 885,
3015 1917 3066 1969 5.

530 2011 592 2056 et
628 2005 770 2068 951,
816 2007 945 2069 11.,
997 1997 1101 2056 ubi
1146 2001 1485 2057 accuratius
1521 2001 1834 2076 repetitur.
1912 2031 1988 2044 -
2073 2005 2222 2069 901,
2269 2010 2362 2061 22.
2466 2001 2540 2060 L.
2599 2004 2874 2060 APPIA
2933 2005 3068 2079 lege

530 2091 851 2150 LAPPIA.
904 2091 1171 2151 Fabrett.
1227 2125 1288 2136 —
1343 2098 1488 2162 951,
1533 2102 1588 2150 2.
1669 2092 1742 2149 L.
1783 2111 1998 2150 rursus
2039 2106 2132 2151 est
2173 2096 2466 2166 Libertus,
2539 2097 2740 2154 iudice
2797 2097 3068 2174 Hagen-

446 2223 449 2236 ·
531 2185 783 2245 buchio:
840 2188 996 2244 idem
1039 2188 1196 2245 valet
1236 2187 1309 2244 de
1348 2191 1493 2256 959,
1540 2193 1632 2245 11.
1711 2185 1783 2242 L.
1826 2187 2092 2259 Libet-ta,
2130 2190 2272 2245 item
2309 2189 2382 2246 de
2418 2195 2564 2260 968,
2605 2195 2664 2250 6.
2707 2203 2782 2248 et
2825 2196 2978 2257 999,
3009 2199 3060 2248 7.

538 2312 600 2324 —-
646 2282 768 2339 Pro
804 2283 981 2337 Lucia
1020 2284 1295 2336 Rliacula
1336 2281 1511 2338 Grut.
1556 2286 1699 2347 441,
1742 2284 1838 2348 9.,
1911 2300 2061 2358 quae
2123 2293 2253 2340 erat
2315 2296 2592 2359 suspecta
2647 2283 2918 2342 Mafl'eio
2977 2285 3058 2340 A.

535 2375 603 2434 C.
648 2376 721 2433 L.
764 2395 825 2450 p.
874 2379 1029 2445 340„
1072 2376 1223 2452 lapis
1267 2378 1428 2450 ipse,
1471 2385 1621 2432 teste
1649 2369 1850 2430 Labus
1885 2377 2209 2430 Dissereaz.
2256 2396 2318 2452 p.
2361 2382 2454 2436 29.
2497 2374 2676 2436 habet
2711 2378 2800 2435 L.
2835 2379 3058 2434 FILs‘a-

531 2467 875 2527 PACVLA.
912 2501 972 2512 --
1006 2469 1227 2527 Murat.
1261 2475 1427 2537 1050,
1463 2476 1514 2526 1.
1540 2479 1632 2525 est
1659 2467 2077 2544 Hispaniensis
2099 2472 2568 2547 suspectissima.
2613 2473 2765 2527 Ibid.
2791 2475 2974 2542 121'1,
3003 2479 3050 2532 ἱ.

538 2582 571 2620 e
610 2563 879 2630 schediS‚
924 2563 1138 2639 procul
1174 2561 1354 2620 dnbio
1395 2562 1742 2639 Ligoriana.

448 2681 453 2685 ·
684 2657 769 2715 Μ.
828 2655 1196 2733 (MARCA.)
1249 2663 1391 2724 372,
1440 2665 1495 2720 5.
1577 2659 1666 2709 Μ.
1697 2657 1964 2708 Aureliae
1996 2657 2368 2712 Marcelllnae
2412 2677 2488 2715 ex
2527 2659 2726 2737 lapide
2777 2659 3046 2737 Hispan.

538 2751 661 2810 Sed
708 2751 809 2809 ubi
844 2755 1103 2829 primum
1139 2753 1356 2829 legitur
1394 2757 1539 2819 525,
1583 2758 1676 2817 8.,
1735 2769 2104 2826 praenomen
2154 2754 2378 2810 rectius
2418 2751 2606 2811 abest.
2652 2784 2734 2799 --
2783 2761 2944 2824 554,
2989 2763 3044 2817 3.

536 2848 627 2901 M.
660 2850 985 2903 Munattae.
1027 2846 1111 2905 M.
1154 2846 1458 2903 residuum
1495 2845 1732 2903 videtur
1768 2843 2055 2901 formulae
2099 2844 2175 2901 D.
2219 2844 2342 2915 M.;
2379 2848 2651 2926 idemque
2688 2847 2909 2905 valere
2949 2868 3050 2905 ar-

538 2938 735 2997 bitror
772 2940 844 2997 de
885 2946 1024 3010 751,
1067 2952 1158 2999 10.
1240 2938 1343 2998 Sic
1388 2950 1449 2997 et
1492 2944 1636 3006 885,
1681 2942 1811 3006 14.,
1843 2939 2001 3016 quod
2039 2942 2332 3015 repetitur
2363 2946 2536 3011 1042,
2585 2948 2720 3001 10..
2767 2944 2866 3001 Μ.
2905 2947 3050 2996 Δία-

540 3036 697 3088 nibus
732 3044 931 3111 potest
968 3031 1343 3112 significare3
1418 3035 1531 3091 etsi
1581 3044 1674 3091 est
1719 3032 1871 3109 lapis
1916 3031 2336 3109 Hispaniensis
2376 3037 2438 3091 in
2477 3038 2733 3111 gratiam
2773 3056 3050 3113 praeno-

540 3130 768 3186 minum
805 3129 1033 3203 Pgabliae
1065 3139 1123 3184 et
1160 3130 1398 3181 Mat-cae
1434 3128 1692 3185 fortasse
1730 3124 2045 3183 confictus.
2125 3128 2397 3182 Manibus
2425 3130 2558 3205 lego
2596 3131 2782 3186 etiam
2821 3137 2968 3199 910,
2997 3135 3046 3189 4.

543 3222 736 3299 Magis
778 3220 1021 3279 dubium
1064 3232 1155 3279 est
1190 3226 1335 3289 961,
1388 3226 1461 3281 6.,
1545 3222 1632 3279 Μ.
1689 3220 2069 3279 ARVLEIA.
2143 3221 2210 3278 C.
2276 3222 2349 3279 L.
2411 3221 2769 3281 HELPIS.:
2827 3226 3095 3281 etenim¹

542 3317 701 3375 haud
739 3318 913 3375 nimis
953 3316 1148 3391 placet
1171 3318 1478 3369 Mamucio.
1530 3345 1608 3357 -—
1662 3315 1840 3383 1041,
1881 3320 1940 3373 9.
2019 3318 2109 3369 Μ.
2143 3316 2318 3389 leia
2351 3317 2623 3369 Modesto
2636 3338 2658 3379 ,-
2699 3318 2818 3373 sed
2861 3318 3048 3393 Apia-

544 3431 659 3491 nus
686 3398 745 3486 p.
778 3396 919 3477 255,
950 3418 1005 3467 2.
1028 3452 1043 3479 ,
1088 3428 1163 3467 ex
1188 3429 1306 3487 quo
1344 3408 1522 3466 habet
1547 3410 1878 3477 GruteruS,
1919 3426 2288 3483 praenomen
2311 3410 2582 3487 ignorat,
2627 3410 2792 3487 quod
2837 3430 3049 3468 errore
3094 3426 3095 3475 3

551 3507 750 3583 aliquo
789 3515 993 3561 natum
1036 3505 1273 3561 videtur
1320 3522 1395 3559 ex
1438 3503 1834 3578 praecedente
1874 3502 1950 3559 D.
1999 3502 2085 3560 M.
2124 3533 2185 3545 —
2241 3508 2386 3572 977,
2430 3512 2522 3567 15.
2577 3504 2661 3561 Μ.
2703 3502 2802 3561 bis
2847 3508 3050 3563 inver-

548 3618 713 3656 sunn
790 3598 874 3657 ΙΛΙ.
925 3598 1233 3677 Scaligero
1269 3616 1636 3673 praenomen
1679 3608 1770 3655 est
1805 3597 2106 3653 mulieris:
2172 3616 2286 3654 nos
2343 3598 2416 3654 (le
2471 3594 2767 3673 lapidibus
2820 3598 3050 3675 Hispa·
3094 3589 3095 3680 1

462 3692 466 3697 ’
548 3691 856 3751 iliensibus
894 3690 1113 3770 ubique
1158 3690 1531 3771 ambigimus.
1597 3722 1660 3735 —
1716 3691 1808 3748 De
1859 3689 2056 3767 lapide
2101 3692 2172 3749 P.
2217 3690 2416 3750 Servii
2452 3693 2608 3768 apud
2641 3691 3046 3771 Cannegieter

547 3790 718 3843 Nom.
758 3788 891 3841 liat.
932 3787 1291 3844 insPraefat.
1334 3785 1503 3842 valde
1542 3784 1769 3842 dubito.

696 3899 775 3957 N.
833 3896 1283 3973 (NVMERIA)
1329 3898 1441 3955 etsi
1488 3901 1628 3954 cum'
1661 3898 1842 3955 Petro
1885 3896 2101 3955 Servio
2143 3900 2416 3975 agnoscit
2455 3898 2866 3978 Cannegietei·
2911 3900 3044 3957 ibid.

550 3996 797 4053 omnino
859 3980 951 4049 est
1004 3991 1471 4069 explodendum:
1552 4010 1696 4049 nam
1750 3994 1894 4059 680,
1945 3996 2037 4051 14.
2097 4006 2234 4067 pro·
2263 3992 2331 4049 C.
2378 3992 2654 4050 DIDlVS
2702 3991 3040 4061 CELER.

549 4090 628 4147 N.
686 4086 914 4144 IVNIA
962 4085 1513 4143 MARCELLINA.
1559 4087 1628 4143 in
1653 4085 1848 4159 lapide
1875 4087 2008 4159 ipso
2035 4084 2252 4162 legitur
2296 4085 2366 4144 C.
2405 4084 2633 4143 DIDIV
2637 4086 2682 4143 S
2721 4086 3038 4145 CELEnn

549 4184 629 4243 N.
678 4182 785 4239 ET
826 4164 1077 4237 IVNI'A.
1136 4198 1194 4236 v.
1244 4178 1449 4236 Mafl‘ei
1491 4180 1796 4235 Osset-vas.
1833 4180 2022 4235 letter.
2068 4180 2144 4237 T.
2184 4182 2242 4238 4.
2280 4200 2344 4256 p.
2387 4184 2516 4242 556.
2567 4182 2680 4249 ita,
2743 4190 2813 4236 ut
2841 4200 3040 4237 verum

552 4280 663 4335 sit:
719 4276 787 4335 C.
834 4272 1108 4332 DIDIVS
1162 4272 1569 4334 CELERMN.
1619 4272 1725 4331 ET
1776 4272 2026 4331 IVNIA.
2116 4302 2194 4317 -
2267 4281 2412 4343 882,
2471 4285 2561 4333 10.
2606 4272 2686 4331 N.
2733 4274 3038 4333 ARENLA

556 4371 715 4448 apud
758 4370 1059 4445 Apianum
1102 4387 1163 4443 p.
1213 4371 1344 4425 441.
1392 4377 1557 4427 recte
1603 4368 1872 4445 iungitur
1906 4366 2293 4424 NARENIA.

703 4465 775 4522 P.
830 4461 1179 4521 PVBLIAE
1232 4471 1443 4529 contra
1491 4478 1860 4536 praenomen
1901 4478 2024 4517 non
2067 4478 2314 4536 possum
2352 4456 2480 4519 'non
2517 4464 2894 4537 agnoscere}
2948 4466 3036 4520 etsi

554 4564 620 4617 in
664 4560 778 4615 hoc
817 4575 1050 4637 quoque
1090 4557 1326 4629 saepius
1366 4554 1610 4629 decepta
1649 4566 1740 4615 est
1777 4554 2070 4631 Scaligeri
2109 4554 2432 4631 diligentia··.
2515 4554 2638 4613 Sed
2679 4558 2924 4633 singula
2971 4562 3036 4613 vi·

560 4654 836 4721 (ieiunius,
902 4650 1085 4713 veluti
1124 4650 1327 4716 statim
1364 4650 1433 4707 in
1475 4651 1740 4707 omnium
1781 4650 1978 4725 primo
2022 4654 2127 4719 15,
2177 4656 2231 4709 5:
2312 4648 2380 4705 P.
2425 4648 2674 4707 VINIA.
2723 4651 2886 4726 lapis
2935 4657 3034 4727 ipse
