3142 5450
819 375 825 382 -
937 342 1563 432 'EPIGRAPmCA
1601 342 1769 401 xm.
2361 291 2386 307 ²
2535 345 2648 404 561

92 486 549 537 concinnatum
605 480 937 551 antiquariis
994 476 1255 533 omnibus
1312 472 1609 531 admodum
1659 474 1852 529 utilem
1901 471 2021 529 fore
2071 472 2142 528 ad
2191 473 2412 530 easdem
2447 478 2654 529 inscri-

92 581 363 649 ptiones
428 579 670 629 inuicem
724 570 1111 628 conferendas.
1192 573 1265 626 At
1324 576 1385 625 in
1441 582 1596 626 tanta
1651 556 1942 630 litet-arun
1998 569 2120 621 luce
2173 574 2262 623 vix
2304 569 2449 623 haec
2483 567 2682 653 hodie-

88 666 451 723 cufficiunt.
541 668 780 735 Nonne,
844 680 903 721 te
970 663 1195 735 iudice,
1272 669 1447 719 satius
1516 662 1703 730 foret,
1779 668 1954 739 varias
2011 662 2283 717 lectiones
2341 664 2678 717 annotarei.

94 768 347 823 vitiosa
406 760 569 827 loca,
623 758 999 834 interpolata?
1064 763 1127 813 in
1174 774 1269 813 eas
1317 748 1616 813 doctos-nm
1663 760 1910 811 virorum
1961 755 2393 824 illustrationes,
2449 772 2507 811 et
2559 774 2654 810 οι·-

94 875 155 929 p
130 855 519 911 ›licationes‘i
580 852 754 910 malas
804 850 1101 907 verborum
1140 866 1234 907 aut
1286 850 1549 925 siglarum
1589 852 2115 925 interpretationes?
2175 866 2307 906 num
2361 850 2654 905 mutilatae

96 950 221 1003 vel
268 955 519 1022 integrae
556 949 711 1002 sint?
752 963 892 1001 num
922 950 1161 1021 spuriae,
1201 962 1332 1027 num
1372 942 1593 1013 dubiae,
1631 958 1726 997 aut
1763 944 2070 1016 genuinae?
2105 960 2240 1005 num
2278 948 2398 1017 quis
2437 949 2656 1019 petico·
2719 960 2733 988 x

100 1062 251 1117 pen
290 1046 631 1117 excerpserit
670 1038 747 1095 ad
780 1040 1015 1094 alicuius
1056 1044 1301 1092 auctoris
1344 1036 1816 1092 illustrationem?
1851 1054 1986 1089 num
2019 1036 2076 1091 id
2119 1055 2290 1110 genus
2331 1037 2474 1092 alia?
2513 1054 2652 1111 quae

98 1142 337 1191 omnia
386 1150 537 1189 nunc
590 1150 728 1209 paro
781 1147 840 1188 et
888 1136 1093 1207 partim
1132 1136 1191 1185 in
1236 1129 1547 1187 adversaria
1587 1136 1702 1185 iam
1739 1129 1912 1185 relata
1952 1129 2148 1185 habeo.
2225 1132 2425 1187 Nonne
2467 1146 2521 1186 te
2557 1130 2654 1185 de-

108 1230 493 1296 fraudarem,
556 1233 607 1284 si
656 1227 1012 1282 doctissimas
1060 1224 1473 1280 lucubrationes
1526 1240 1651 1279 tuas
1707 1228 1768 1279 in
1817 1228 2212 1297 inscriptiones
2261 1238 2293 1277 a
2337 1225 2653 1280 Muratorio

106 1325 229 1381 vel
270 1323 342 1378 ab
382 1322 508 1379 aliis
548 1321 791 1397 prolatas
830 1301 929 1374 aut
964 1336 1081 1373 non
1118 1316 1460 1385 indicarem,
1509 1317 1596 1373 vel
1633 1334 1858 1393 prorsus
1902 1320 2252 1374 omitterem?
2305 1319 2442 1372 Uno
2487 1319 2656 1375 verbo

110 1417 369 1484 dicam,
411 1416 551 1469 mihi
595 1421 655 1470 in
694 1418 884 1468 animo
922 1428 1039 1481 est,
1078 1428 1435 1485 quaecunque
1477 1428 1509 1463 a
1550 1410 1736 1465 doctis
1781 1415 1911 1466 viris
1951 1416 2012 1465 in
2051 1429 2407 1485 quoscunque
2441 1412 2655 1489 lapides
2755 1442 2776 1465 ι

114 1525 418 1565 annotata
456 1508 639 1579 fuere,
690 1508 959 1563 lectorem
1000 1524 1257 1569 monere3
1310 1522 1366 1561 et
1406 1505 1513 1559 alia
1556 1504 2154 1580 insuper-adlungere,
2203 1522 2343 1580 quae
2379 1514 2656 1581 genuinae

114 1619 641 1659 monumentorum
682 1606 1131 1677 interpretationi
1177 1604 1443 1655 inservire
1478 1614 1746 1672 possunt,
1801 1614 1938 1653 et·a
1992 1597 2130 1654 falsa
2186 1616 2450 1659 avertere.
2525 1604 2657 1657 Dis-

116 1696 550 1753 sertationibus
602 1710 788 1749 autem
834 1694 1004 1775 nullis
1054 1710 1210 1762 utar,
1267 1692 1530 1749 brevibus
1585 1692 1765 1747 solum
1825 1693 2278 1748 annotationibus
2335 1676 2654 1765 contentus,

118 1812 261 1846 rem
302 1807 481 1846 totam
520 1786 835 1863 expediam:
896 1802 990 1855 et,
1027 1792 1088 1842 ni
1124 1774 1286 1847 libr‘is
1324 1778 1602 1861 plurimis».
1623 1785 1804 1841 adhuc
1842 1788 2124 1857 carerem,
2180 1787 2266 1843 vel
2305 1806 2442 1863 opus
2482 1794 2656 1857 iuter-

124 1891 467 1953 misissem,
526 1883 869 1937 alienissima
912 1880 1496 1949 studimconsecutus,
1554 1886 1845 1955 negotium
1887 1877 2078 1936 forsan
2128 1898 2270 1937 esset
2309 1882 2651 1941 confectum.
2739 1928 2744 1933 .

120 1983 323 2035 Porro
364 1995 534 2051 quum
570 1976 639 2029 ab
682 1978 771 2031 his
808 1970 1125 2053 nunctsim⁸
1148 1974 1309 2050 plane
1344 1974 1487 2029 libet·
1524 1990 1582 2030 et
1619 1979 1740 2029 otio
1777 1974 1962 2043 fruar,
1999 1992 2102 2050 pro
2137 1978 2343 2030 viribus
2381 1994 2556 2050 agam,
2593 1996 2654 2034 ut

124 2072 323 2127 indici
377 2090 507 2125 meo
554 2070 719 2125 finem
756 2076 1073 2145 imponam:
1134 2066 1275 2123 faxit
1325 2068 1395 2122 D.
1442 2068 1516 2124 O.
1560 2068 1680 2134 M.,
1731 2083 1812 2135 uto
1833 2086 2092 2143 prospera
2131 2069 2444 2125 valetudine
2483 2069 2656 2141 fruar,

126 2183 294 2241 quae
344 2168 487 2220 mihi
542 2180 731 2219 tamen
783 2168 1105 2237 saepissime
1158 2162 1459 2218 imbecilla.
1551 2162 1712 2219 Haud
1760 2160 2018 2233 equidem
2065 2162 2340 2232 diffiteor,
2365 2170 2542 2236 ninia·
2578 2170 2654 2220 sit

130 2279 291 2335 opus
330 2264 636 2313 immensae
688 2258 889 2326 molis,
950 2255 1455 2330 difficillimumque
1505 2258 1871 2329 praegrande
1918 2260 2150 2310 volvere
2201 2276 2436 2311 saecum:
2499 2275 2556 2313 at
2607 2261 2659 2314 si

134 2352 363 2409 tardius
414 2352 472 2408 id
524 2358 585 2407 in
636 2352 819 2407 lucem
870 2355 1155 2419 emittam,
1218 2350 1355 2425 quid
1407 2349 1535 2405 inde
1589 2348 1814 2405 damni?
1876 2351 2068 2406 utilius
2106 2350 2359 2425 profecto
2400 2358 2544 2421 erit,
2607 2358 2655 2407 si

135 2448 466 2502 differatur:
514 2462 601 2502 sat
640 2450 791 2515 cito,
834 2450 881 2499 si
924 2460 1009 2498 sat
1049 2444 1210 2501 bene.
1286 2443 1453 2514 Quod
1492 2443 1991 2501 laboriosissimum
2029 2462 2184 2514 erat,
2225 2463 2425 2521 nempe
2466 2462 2659 2501 aucto-

138 2560 277 2596 rum
314 2546 571 2611 omnium
604 2540 730 2594 loca
770 2544 1069 2609 unicuique
1104 2543 1462 2612 inscriptioni
1502 2537 1867 2612 subiungere,
1909 2544 2021 2592 iam
2061 2538 2380 2594 confectum
2417 2556 2531 2595 est.
2591 2560 2658 2595 ex

140 2640 258 2702 iis,
308 2650 447 2709 quae
503 2650 747 2705 restant,
796 2638 1021 2688 tametsi
1072 2632 1446 2707 periculosum
1485 2637 1774 2705 negotium
1824 2646 1880 2686 et
1931 2633 2080 2687 aleae
2129 2634 2387 2708 plenum,
2441 2640 2657 2709 experi-

142 2747 403 2784 mentum
438 2724 670 2790 faciam3
735 2745 797 2783 et
830 2747 999 2800 quum
1036 2727 1104 2780 ad
1141 2727 1305 2782 finem
1345 2743 1463 2782 tota
1508 2745 1597 2801 res
1647 2724 1914 2802 perducta
1953 2734 2092 2796 erit,
2151 2727 2353 2784 lib'rum
2403 2747 2656 2784 nostrum

144 2829 397 2885 virorum
446 2823 741 2877 doctorum
790 2821 1039 2890 iudicio,
1096 2837 1195 2878 tuo
1244 2827 1569 2896 praesertim
1611 2826 1964 2896 permittam,
2027 2828 2076 2876 si
2121 2823 2390 2898 probant,
2446 2796 2658 2892 edetur,

145 2924 243 2972 sin
291 2933 481 2972 antem
530 2916 773 2971 carbone
822 2915 1129 2984 notabunt,
1190 2931 1457 2990 perpetuo
1508 2913 1878 2970 damnabitur.
1953 2916 2038 2970 Tu
2090 2921 2356 2994 interim,
2418 2921 2464 2971 si
2522 2907 2655 2990 qnid

142 3029 311 3087 potes
350 3015 375 3080 (
388 3026 547 3086 potes
584 3025 771 3064 antem
812 3026 981 3083 quam
1018 3014 1329 3078 maxime),
1386 3008 1682 3064 conatibus
1725 3014 1934 3064 nostris
1979 3009 2137 3080 fave,
2195 3027 2249 3064 et
2297 3027 2656 3086 quaecunque

144 3122 374 3180 promes
430 3123 497 3158 ex
554 3103 884 3160 adversariis
942 3109 1056 3160 tuis
1104 3101 1176 3156 ad
1218 3121 1333 3157 rem
1380 3119 1634 3157 nostram
1685 3098 1982 3171 facientia,
2041 3109 2090 3158 si
2133 3121 2359 3160 mecum
2410 3107 2665 3162 commu:

144 3203 338 3268 uices,
378 3197 843 3254 iucundissimum
878 3203 1021 3268 erit,
1064 3195 1387 3271 debitasque
1424 3213 1608 3271 grates
1652 3197 1756 3251 tibi
1793 3195 2048 3254 referam.

302 3293 566 3348 Pococltii
624 3297 1017 3368 inscriptiones
1076 3297 1328 3364 antiquas
1386 3307 1532 3345 anno
1582 3297 1748 3350 1752.
1807 3289 1907 3348 fol.
1968 3290 2145 3348 editas
2195 3290 2444 3372 nondum
2491 3299 2656 3360 ιιονῖς

146 3385 393 3454 curabo,
446 3401 509 3442 ut
560 3387 827 3442 habeam:
893 3385 1119 3440 titulum
1169 3387 1509 3459 descriptum
1561 3401 1726 3458 rogo.
1782 3385 1868 3440 vel
1911 3386 2164 3441 Gesner-o
2207 3403 2433 3455 nostro,
2490 3406 2656 3461 quem

146 3479 295 3534 bene
348 3478 525 3534 valere
578 3481 775 3549 iubeo,
833 3479 1056 3548 tradas,
1118 3484 1213 3554 qui
1268 3496 1489 3536 mecum
1540 3479 2002 3534 communicabit.
2078 3481 2294 3534 Mirum
2345 3480 2492 3548 haud
2537 3501 2660 3537 essu

150 3571 259 3628 tibi
301 3571 501 3641 debet,
538 3573 863 3629 Corsinium
900 3573 1105 3627 librum
1143 3575 1293 3627 hunc
1332 3573 1400 3629 ad
1444 3590 1641 3628 manus
1683 3591 1795 3634 non
1834 3574 2125 3642 habuisse,
2177 3581 2438 3646 quoniam
2481 3577 2658 3631 multa

150 3664 321 3722 docta
358 3665 637 3721 volumina
678 3673 739 3722 in
779 3667 945 3724 ltalia
978 3666 1160 3722 adhuc
1198 3666 1596 3722 desiderantur.
1650 3667 1949 3722 Maittairii
1988 3669 2274 3724 Marmo'ra
2315 3667 2660 3726 Oxoniensia

150 3777 443 3833 nunqnam
494 3760 741 3828 viderat,
816 3777 1107 3836 antequam
1158 3761 1309 3835 Scip.
1349 3761 1612 3816 Maffeins
1665 3761 1748 3815 illi
1803 3761 2230 3820 commodasset.
2309 3765 2474 3819 Nunc
2531 3766 2703 3820 vero'

154 3853 343 3908 ordini
400 3871 505 3909 suo
562 3861 908 3930 praepositus
951 3862 1138 3929 ‘vitam
1191 3857 1395 3910 Romae
1454 3853 1636 3928 degit,
1699 3869 1756 3909 et
1811 3855 1971 3910 libris
2021 3857 2276 3912 omnibus
2329 3856 2538 3914 affluit:
2602 3874 2662 3914 at

150 3965 376 4016 vereor,
452 3965 525 4002 ne
588 3947 663 4002 ob
726 3955 1081 4023 negotiorum
1140 3948 1555 4004 multitudinem
1629 3954 2058 4023 inscriptionum
2127 3951 2436 4020 volumine,
2510 3952 2660 4026 quod

154 4047 528 4114 promiserat,
567 4042 748 4098 adhuc
788 4059 973 4099 carere
1010 4059 1297 4119 cogamur.
1378 4044 1443 4097 In
1480 4045 1744 4116 Inscript.
1785 4045 1964 4099 Attin.
2006 4045 2174 4101 xm.
2217 4064 2344 4121 pag.
2371 4049 2500 4113 62,
2544 4052 2664 4120 ipse

152 4135 290 4208 legit
327 4153 442 4194 non
482 4136 807 4192 TARCARI
846 4153 909 4192 nt
948 4137 1053 4192 tibi
1090 4137 1341 4205 videtur,
1378 4135 1475 4192 sed
1506 4139 1608 4192 ,ΣΕ
1645 4137 1915 4194 aucam
1957 4143 1996 4193 i.
2024 4157 2073 4195 e.
2110 4139 2211 4194 ET
2251 4139 2542 4207 ARCAm,
2580 4145 2660 4195 ita
2748 4211 2752 4216 .

152 4245 213 4283 nt
254 4227 473 4302 Sagaris
528 4223 697 4284 fuerit
735 4233 1026 4290 Amianthi
1064 4234 1204 4306 Aug.
1244 4249 1431 4286 servus
1469 4247 1666 4299 verna,
1711 4247 1767 4286 et
1806 4234 2019 4287 Areas-ii
2060 4238 2376 4307 provinciae
2415 4234 2661 4290 Achaiae
2739 4259 2746 4266 ’

150 4327 411 4378 vicarius.
430 4323 487 4396 ⁴)
563 4327 639 4379 At
696 4340 848 4379 recte
906 4341 1105 4380 contra
1160 4343 1289 4380 enm
1327 4343 1561 4394 censes,
1623 4321 1926 4388 Ascanium
1963 4324 2134 4382 fuisse
2173 4319 2498 4394 Philoxeni,
2562 4329 2655 4385 Ti.

151 4415 369 4474 Claudii
411 4417 664 4472 Caesaris
707 4423 886 4488 servi,
943 4424 1207 4494 ricarium
1245 4423 1569 4486 Arcarium,
1625 4435 1688 4473 ut
1731 4424 1842 4475 iam
1895 4426 1956 4476 in
1991 4421 2174 4495 Epist.
2217 4423 2409 4495 EpIgr.
2447 4421 2662 4490 dixisti,

152 4527 210 4566 et
277 4509 481 4567 malam
548 4516 1071 4588 interpretationem
1136 4514 1300 4569 huius
1371 4516 1790 4587 inscriptionis,
1855 4531 1994 4589 quae
2069 4515 2412 4589 scaligerum
2477 4522 2660 4585 torsit,

152 4603 502 4678 redarguisti.

291 4745 329 4800 ⁰)
365 4745 764 4803 inscriptionem,
800 4747 861 4792 de
893 4759 991 4806 qua
1024 4747 1267 4805 loquitur,
1306 4723 1498 4793 'meh'
1537 4745 1706 4805 Capite
1743 4743 1804 4791 ds
1838 4745 2023 4791 seroie.
2071 4743 2133 4794 N.
2173 4743 2330 4794 2³21.

444 4976 453 5011 Ι
