3142 5450
377 367 386 446 ⁵.
463 339 546 408 10
1307 334 2117 401 PRAEFATIO.

455 491 582 594 q'ue
626 500 961 592 suspicor,
1008 505 1406 590 posthabitas
1449 525 1589 570 esse
1632 516 1817 569 certo
1858 505 2033 580 sci03
2088 504 2397 570 eiusmodi
2440 505 2749 582 maxime,
2794 527 2963 590 quae

452 633 790 704 suspectae
855 633 964 684 aut
1026 614 1301 683 fictsstiae
1360 618 1620 682 omnino
1680 617 1833 682 mihi
1886 617 2097 698 visae,
2156 615 2410 688 minime
2464 629 2673 681 tamen
2714 617 2963 685 fraudis

453 753 734 817 operose
779 731 1083 818 redargui
1111 741 1541 805 mererentur3
1589 729 1767 796 cuius
1804 728 2053 814 quidem
2100 729 2355 814 generis
2390 731 2737 813 permultas
2766 751 2959 816 repe·

449 847 586 910 rire
643 846 792 908 licet
847 845 913 908 in
969 843 1274 918 Reinesio
1295 887 1314 919 ‚
1385 841 1631 926 Sponio
1652 887 1672 920 ,
1740 844 2095 923 Fabretto,
2168 844 2383 910 Gudio
2447 845 2820 927 praesertim
2868 863 2963 910 ac
3014 819 3019 829 Ι

453 951 854 1032 Muratori0‚
905 957 1244 1022 infaustum
1273 955 1432 1020 illud
1459 955 1733 1042 ‚Ligarii
1776 976 2031 1033 nomen,
2078 952 2183 1021 vel
2226 956 2599 1022 schedarum
2644 980 2729 1023 cx
2768 958 2961 1022 huius

453 1071 726 1136 hominis
774 1069 1122 1134 Thesauris
1169 1079 1615 1151 excerptarum
1674 1069 1854 1132 nimis
1914 1068 2269 1154 ambiguam
2314 1071 2753 1136 auctoritatem
2798 1091 2959 1153 prae

447 1206 518 1248 se
575 1183 881 1247 ferentes.
1022 1181 1339 1248 Conferat
1405 1180 1568 1258 mihi,
1614 1181 1873 1265 aliquis,
1962 1182 2015 1246 si
2079 1182 2293 1274 placet
2348 1195 2413 1246 et
2479 1196 2696 1260 vacat,
2774 1185 2961 1266 Spon

447 1289 664 1362 Mine.
700 1317 770 1377 p.
803 1296 908 1372 90,
946 1297 1008 1358 1.
1049 1307 1112 1358 et
1151 1297 1297 1372 181,
1325 1295 1416 1372 3.,
1453 1315 1609 1383 que,
1646 1294 1803 1380 quid
1828 1294 2200 1380 significem,
2232 1296 2575 1381 intelligat.
2609 1327 2689 1342 —·
2733 1299 2963 1362 Incre-

335 1439 340 1450 .
451 1409 646 1472 dibile
691 1421 900 1472 autem
948 1419 1079 1485 est,
1148 1419 1298 1490 post
1335 1419 1432 1472 tot
1473 1405 1843 1470 criticorum
1883 1427 2069 1470 curas
2108 1419 2410 1492 quantum
2450 1408 2513 1472 in
2548 1421 2685 1472 arte
2736 1408 2964 1474 critica

344 1572 356 1584 ,
451 1520 759 1604 lapidaria
803 1519 1256 1602 perficiendum
1305 1521 1512 1583 adhuc
1552 1533 1897 1583 remaneat.
2016 1519 2155 1583 Mei
2202 1519 2455 1604 quidem
2502 1520 2751 1585 consilii
2794 1533 2963 1584 tam·

451 1633 575 1696 etsi
594 1635 1098 1725 *haudquaquam
1135 1645 1274 1696 erat
1295 1678 1312 1708 ‚
1359 1643 1432 1695 ut
1470 1631 1683 1696 dedita
1718 1651 1919 1714 opera
1953 1632 2409 1718 investigarem
2442 1645 2507 1696 et
2536 1645 2851 1716 suspecta,
2896 1645 2971 1696 et

447 1745 790 1812 manifesto
851 1745 1284 1811 commenticia
1303 1791 1322 1822 ,
1385 1756 1591 1808 tamen
1610 1791 1629 1822 ,
1688 1743 2053 1836 ubicunque
2112 1757 2545 1829 opportunum
2592 1745 2958 1822 videbatur,

456 1859 682 1925 sedulo
725 1859 946 1924 notavi
987 1881 1120 1936 ea,
1150 1880 1312 1944 quae
1347 1858 1448 1920 his
1483 1869 1697 1922 essent
1726 1859 2189 1920 adnumeranda
2204 1881 2229 1934 -;
2274 1858 2473 1942 longe
2502 1857 2716 1942 utique
2738 1857 2957 1942 plura,

429 1992 646 2056 quam
712 1975 792 2034 ab
849 1969 984 2045 aliis
1045 1983 1188 2034 ante
1247 1983 1390 2035 sunt
1448 1971 1921 2046 animadversa,
1996 1990 2143 2033 noir
2169 1971 2307 2034 sine
2349 1969 2597 2034 idoneis
2638 1967 2842 2034 causis
2889 1969 2961 2032 in

413 2095 428 2108 “
449 2083 874 2167 suspicionem
913 2087 1258 2148 adducens.
1349 2085 1478 2148 Sed
1513 2083 1849 2168 complura
1885 2081 2267 2160 huiusmodi,
2306 2094 2378 2145 ut
2408 2082 2723 2165 praedixi,
2760 2103 2960 2164 prae-

443 2196 645 2260 terire
703 2196 898 2260 satius
957 2196 1133 2266 duxi.
1237 2197 1503 2280 Spurias
1560 2197 1857 2260 consulto
1914 2208 2204 2278 receptas
2222 2239 2243 2273 ,
2320 2194 2627 2259 asterisco
2672 2195 2955 2280 signavi.

399 2386 407 2394 ·
445 2311 678 2394 Neque
723 2331 890 2372 nunc
932 2320 1002 2372 ut
1045 2309 1200 2376 novi
1245 2321 1309 2373 et
1352 2331 1646 2374 verarum
1686 2308 2168 2390 inscriptionum
2218 2328 2577 2372 sermonem
2626 2306 2951 2371 sincerum

445 2422 770 2505 iustasque
799 2421 1134 2498 formulas,
1185 2433 1250 2486 et
1277 2421 1783 2506 Ligurianarum
1828 2431 2019 2506 atque
2062 2405 2357 2484 similium
2406 2422 2487 2482 ab
2518 2418 2655 2483 aliis
2682 2419 2956 2482 fraudu-

444 2533 631 2596 lentis
689 2534 1112 2614 nebulonibus
1169 2534 1587 2598 confictarum
1646 2533 2005 2597 universam
2050 2533 2359 2597 rationem
2402 2545 2469 2596 et
2510 2530 2948 2606 auctoritates,

415 2647 688 2733 ·magnis
731 2647 1222 2732 collectionibus
1267 2649 1480 2710 denuo
1521 2644 1921 2730 perlustratis
1962 2649 2039 2709 de
2072 2643 2337 2730 singulis
2359 2645 2503 2712 fere
2532 2643 2953 2727 pronuntiare

447 2762 834 2843 desperarim
857 2805 876 2837 ,
939 2772 1152 2823 utrum
1197 2760 1362 2823 inter
1405 2772 1614 2823 certas
1636 2802 1653 2835 ,
1718 2781 1795 2821 an
1840 2770 2200 2841 suspectas,
2268 2757 2769 2839 interpolatasne
2790 2800 2811 2833 ,
2874 2780 2955 2821 an

327 2904 342 2922 ·
443 2894 714 2956 prorsus
761 2872 1228 2937 commenticias
1275 2872 1400 2936 sint
1440 2872 1855 2935 referendam
1922 2872 2083 2933 haec
2142 2870 2303 2933 enim
2366 2881 2668 2953 quattuor
2714 2890 2956 2954 genera

443 2984 900 3050 constituamus
943 3004 1205 3049 necesse
1251 2996 1371 3061 est,
1431 2984 1550 3048 nisi
1596 2996 1704 3048 aut
1746 2983 1929 3047 nimis
1966 2982 2210 3045 creduli
2248 3002 2501 3058 sumus,
2550 2994 2657 3045 aut
2702 3003 2949 3059 omnes,

443 3118 608 3182 quae
667 3096 1120 3162 dubitationem
1197 3097 1470 3181 aliquam
1547 3098 1737 3161 nobis
1810 3094 2121 3173 afferunt,
2204 3094 2463 3159 omnino
2528 3093 2954 3176 repudiandas

441 3231 880 3293 praepropere
959 3230 1308 3274 censemus.
1424 3216 1833 3293 Suspecta-s,
1910 3230 2071 3294 quas
2136 3229 2268 3293 ego
2332 3206 2475 3271 dico
2496 3250 2515 3282 ,
2590 3206 2751 3270 alius
2806 3206 2951 3271 ido-

441 3322 578 3385 neis
607 3322 998 3408 argumentis
1031 3344 1178 3385 usus
1208 3324 1319 3385 ubi
1347 3322 1735 3397 desendet-it,
1796 3334 1861 3385 et
1902 3322 2025 3403 ipsi
2068 3332 2130 3383 et
2174 3316 2537 3401 disciplinae
2580 3318 2953 3403 epigraphi-

441 3456 554 3499 cae
616 3435 792 3499 ultro
864 3422 1490 3520 c'ongratulabimur3
1571 3433 2044 3499 commenticias
2116 3452 2275 3517 quas
2350 3429 2948 3509 demonstravimus,

442 3569 761 3632 uunquam
787 3536 990 3612 'nobis
1037 3559 1106 3609 ut
1149 3558 1462 3631 tamquam
1509 3568 1732 3627 verae,
1764 3548 2227 3623 obtrudantur,
2294 3544 2635 3627 patiemur.
2724 3543 2952 3606 Absti-

445 3660 554 3723 nui
597 3672 966 3744 praeterea,
1018 3671 1327 3743 quatenus
1371 3668 1545 3722 meae
1588 3658 2223 3735 sinebantrationes,
2274 3679 2309 3719 a
2355 3655 2667 3739 lapidibus
2712 3654 2951 3718 mutilis

401 3771 754 3856 .uimisque
813 3771 1171 3854 corruptis,
1233 3771 1354 3835 etsi
1395 3782 1671 3855 propter
1712 3792 1904 3835 unum
1948 3772 2300 3835 alterumve
2344 3768 2724 3833 vocabulum
2771 3766 2959 3853 digni

443 3884 1280 3981 essent-animadversione.
3058 3864 3065 3874 ’

615 3998 740 4059 Sed
785 4008 1109 4082 utcunque
1152 4016 1226 4059 >ea
1273 3998 1348 4061 de
1391 4018 1464 4059 re
1507 3995 1847 4059 iudicatum
1894 3996 2129 4071 fuerit,
2190 3994 2258 4057 id
2298 3996 2519 4059 saltem
2562 3996 2951 4058 contendere

369 4103 407 4163 .‘
441 4110 670 4185 liceat,
734 4108 1125 4194 antiquarios
1171 4108 1787 4194 grammaticosque,
1851 4108 1905 4171 si
1946 4107 2060 4193 qui
2102 4107 2463 4193 diligentius
2506 4108 2675 4169 hunc
2716 4104 2949 4169 librum

443 4222 801 4298 versarint,
875 4222 1028 4285 satis
1083 4221 1488 4304 probabilem
1547 4242 1765 4284 earum
1826 4242 2039 4283 rerum
2098 4217 2535 4304 cognitionem
2592 4218 2740 4285 fore
2798 4240 2951 4301 per-

445 4346 772 4417 cepturos,
809 4356 970 4419 quae
999 4356 1082 4397 ex
1103 4334 1354 4397 Latinis
1391 4332 1909 4416 inscriptionibus
1946 4332 2235 4397 condisci
2268 4345 2580 4414 possunt;
2624 4342 2735 4394 aut
2776 4341 2949 4394 certe

443 4445 744 4517 uberiore
791 4468 932 4533 eum
978 4434 1196 4511 fructu
1239 4446 1484 4532 magnis
1531 4445 2019 4511 collectionibus
2060 4428 2487 4541 perlegendis,
2520 4444 2949 4507 aestimandis-

439 4582 564 4643 que
613 4580 878 4641 operam
921 4562 1330 4641 postmodum
1377 4562 1637 4625 daturos
1686 4579 1849 4623 esse.
1930 4562 1935 4571 '
2381 4587 2383 4590 ·

618 4672 818 4753 Quod
883 4671 935 4734 si
989 4664 1158 4735 'nihil
1225 4672 1394 4735 aliud
1457 4670 1951 4755 praestitissem,
2032 4670 2135 4733 vel
2198 4672 2327 4741 hoc
2390 4682 2597 4733 tamen
2666 4668 2951 4735 sufficere
