3142 5450
483 394 625 477 m,
1012 426 1027 463 2
1336 383 2138 457 PRAEFATIQ

648 561 714 625 A
772 554 1019 642 populi'
1051 558 1331 625 Romani
1400 579 1473 621 re
1532 556 1792 640 publica
1847 543 2297 623 transeundum
2357 558 2655 643 deinceps
2711 572 2850 625 erat
2907 564 3012 623 ad

478 679 610 740 re'm
640 672 1103 756 municipalem,
1138 686 1323 755 quae,
1360 690 1554 758 quum
1586 670 1988 753 potissimum
2019 692 2104 735 ex
2129 671 2682 760 inscriptionibus,
2734 675 3010 739 Rothio

452 811 562 863 ‚ex
603 798 747 853 toto
790 760 1141 870 neglectis,
1188 784 1493 893 illustrari
1538 786 1805 862 debeat,
1854 804 1985 849 non
2027 784 2164 848 sine
2208 805 2394 867 causa
2437 785 2504 850 id
2545 786 2698 851 mihi
2737 808 3012 871 propo-
3047 874 3054 881 .

478 902 665 966 situm
707 900 865 975 fuit,
888 910 985 961 ·ut
1026 902 1105 961 ad
1136 919 1288 961 saxa
1321 918 1401 962 eo
1431 896 1812 979 pertinentia
1839 896 2120 984 undique
2157 901 2654 981 comportanda,
2712 912 3008 984 apteque

478 1014 873 1096 disponenda
917 1011 1229 1074 assiduam
1272 1032 1574 1073 navat-em
1619 1030 1912 1092 operam.
2028 1011 2179 1092 Quo
2239 1012 2496 1099 quidem
2551 1012 2618 1077 id
2661 1025 3010 1077 assecutus

412 1179 427 1201 ,
480 1148 619 1191 esse
676 1124 831 1189 mihi
888 1124 1153 1199 videor,
1222 1134 1331 1200 ut,
1404 1125 1770 1207 quicunque
1827 1125 1990 1186 hanc
2049 1124 2490 1211 antiquitatum
2547 1126 3006 1189 Romanarum

478 1236 993 1305 obscurissimam
1040 1239 1245 1300 adhuc
1287 1247 1535 1318 partem
1597 1239 1808 1301 denuo
1855 1236 2283 1313 scrutabitur,
2353 1236 2604 1303 facilius
2667 1250 2842 1303 certe
2905 1240 3008 1301 sit

476 1362 958 1435 perspecturus,
1010 1370 1289 1435 quonam
1330 1349 1608 1433 singula,
1655 1349 1722 1411 in
1767 1370 1930 1435 quae
1973 1348 2114 1432 ipse
2151 1350 2407 1425 incidet,
2454 1352 2582 1415 sint
2615 1351 3000 1429 referenda,

476 1486 735 1550 quoque
806 1464 1003 1527 modo
1079 1460 1527 1547 coniungenda
1601 1482 1745 1524 cum
1801 1460 1918 1536 iis,
1997 1482 2158 1547 quae
2215 1483 2253 1525 a
2309 1457 2410 1527 ine
2474 1472 2623 1527 sunt
2687 1464 3004 1529 collecta.

476 1576 895 1642 Perreximus
938 1576 1085 1638 inde
1128 1579 1209 1639 ad
1258 1596 1395 1639 eam
1440 1574 1769 1639 hominum
1827 1573 2298 1652 conditionem,
2378 1596 2540 1661 quae
2593 1576 2658 1639 in
2719 1588 3008 1660 quaestu

477 1690 769 1782 faciendo
814 1689 1117 1774 victuque
1162 1689 1535 1773 quotidiano
1579 1689 1866 1773 parando
1928 1700 2275 1771 occupata,
2351 1688 2494 1783 ipsa
2550 1700 2759 1752 tamen
2821 1692 3010 1771 apud

477 1798 815 1867 Romanos
860 1801 1183 1866 societatis
1229 1812 1575 1885 appetens,
1644 1810 2078 1885 quantumque
2121 1813 2413 1883 poterat,
2473 1824 2610 1865 rem
2665 1801 3005 1884 publicam

473 1914 751 2005 imitata,
828 1914 1146 2014 cqllegia‚
1216 1932 1537 2000 corpora,
1608 1912 1912 1977 sodalicia
1969 1913 2294 1978 instituere
2351 1914 2603 1979 solebat
2659 1914 2788 1978 suis
2843 1936 3004 1977 cum

472 2026 886 2111 praepositis,
918 2027 1265 2111 magistris,
1300 2026 1618 2109 patronis,
1671 2024 2173 2109 apparitoribus,
2223 2027 2454 2103 servis,
2501 2026 2756 2112 legibus
2795 2026 3000 2093 etiam

476 2154 537 2207 et
569 2141 877 2216 decretis3
926 2161 1055 2225 quo
1100 2141 1321 2223 utique
1363 2140 1427 2202 in
1476 2160 1712 2224 genere
1757 2138 2030 2201 maxima
2069 2160 2294 2206 rursus
2330 2120 2818 2222 inscriptionum
2861 2140 3006 2203 uti-

476 2255 624 2317 litas
682 2254 991 2317 cernitur.
1112 2252 1561 2338 collegiorum
1609 2262 1817 2314 autem
1863 2250 2076 2316 forma
2118 2264 2496 2334 perspecta,
2565 2229 2850 2337 singulas
2914 2255 3008 2315 ad

479 2380 683 2442 artes,
734 2386 895 2451 quae
940 2386 1129 2428 manu
1170 2374 1490 2442 constant,
1538 2386 1734 2448 quum
1779 2364 2344 2441 descendissemus,
2394 2374 2773 2448 supererant
2811 2364 3004 2429 varia

476 2479 801 2545 hominum
862 2480 1029 2541 inter
1088 2498 1157 2541 se
1216 2466 1636 2558 commercia,
1717 2472 1832 2556 (τὰ
1889 2472 2274 2563 συμβόλαια
2319 2477 2555 2541 Graeci
2599 2481 3004 2561 nuncupant)

478 2614 641 2676 quae
686 2602 911 2664 cuncta
956 2588 1125 2655 vitae
1170 2590 1519 2654 communis
1566 2588 1824 2653 nomine
1867 2588 2194 2672 complexi
2252 2605 2491 2654 sumus.
2596 2592 2784 2653 Hanc
2825 2611 3004 2654 vero

481 2715 803 2790 tamquam
848 2701 1153 2768 curriculi
1198 2713 1429 2765 metam
1476 2702 1748 2767 emensis
1778 2723 1898 2767 una
1929 2704 2212 2772 restabat
2243 2723 2459 2768 rerum
2485 2702 2732 2780 ultima,
2781 2722 2994 2782 mors,

478 2818 729 2882 infinito
777 2817 1106 2882 titulorum
1153 2834 1419 2880 numero
1464 2815 1822 2892 celebrata,
1871 2815 1982 2900 qui
2025 2815 2278 2900 quidem
2323 2837 2584 2891 omnes,
2631 2837 3002 2902 quamcun-

482 2951 609 3015 que
657 2933 903 2994 demum
947 2950 1177 2995 vocem
1220 2928 1473 2992 mittant
1514 2929 1626 2992 vel
1669 2928 1810 2992 veri
1853 2927 2201 3006 maeroris,
2249 2929 2358 2993 vel
2399 2929 2882 2994 benevolentiae
2931 2941 3002 2992 et

482 3041 803 3120 caritatis,
855 3044 959 3106 vel
1003 3041 1279 3106 levitatis
1322 3063 1399 3106 ac
1440 3041 1785 3123 superbiae
1828 3041 1995 3106 iuter
2037 3042 2285 3106 cineres
2329 3053 2394 3106 et
2438 3063 2618 3119 ossa,
2667 3041 2809 3106 iura
2851 3043 3000 3109 cul·

412 3241 419 3252 .
481 3167 747 3242 tumque
788 3155 1001 3220 Deum
1046 3155 1576 3240 Manimnquum
1619 3153 1959 3218 identidem
2003 3157 2455 3232 recordentur,
2504 3156 2583 3216 ad
2615 3153 2998 3240 religiones,

482 3271 650 3338 unde
692 3268 1036 3355 progressi
1079 3289 1328 3332 eramus
1349 3313 1367 3345 ,
1413 3265 1599 3332 fatali
1627 3269 1905 3352 quodam
1935 3278 2383 3352 perpetuoque
2413 3265 2687 3331 circuitu
2717 3278 2782 3330 et
2811 3266 2999 3350 quasi

485 3385 647 3446 orbe
689 3403 811 3446 nos
854 3384 1277 3446 reduxerunt.
2083 3427 2097 3446 .

656 3497 755 3560 Ita
800 3495 1093 3578 exposita
1134 3495 1257 3558 mei
1302 3493 1551 3560 consilii
1597 3493 2060 3577 simplicissima
2097 3492 2346 3558 ratione
2377 3514 2452 3556 ac
2481 3492 2606 3568 via,
2655 3494 2737 3555 ab
2765 3493 2998 3556 harum

476 3629 709 3682 ‚rerum
752 3607 1163 3691 peritioribus
1204 3606 1477 3670 libenter
1520 3607 1775 3684 discam,
1825 3617 2036 3670 utrum
2071 3605 2192 3672 ista
2221 3604 2594 3668 Latinarum
2623 3599 3002 3688 inscriptio·-

484 3743 634 3786 num
678 3701 1031 3803 'descriptio
1078 3719 1285 3784 varias
1335 3717 1397 3782 in
1444 3719 1719 3796 classes,
1744 3735 1756 3751 ²
1783 3717 2128 3804 earumque
2172 3717 2422 3804 singula
2469 3715 2709 3799 capita,
2773 3737 3026 3801 quem-.

485 3834 824 3896 admodum
870 3853 907 3896 a
950 3853 1051 3895 me
1097 3845 1193 3896 est
1232 3833 1556 3908 instituta,
1605 3833 1776 3896 utilis
1819 3831 2037 3894 futura
2084 3830 2166 3895 sit
2183 3829 2318 3912 ipsi
2347 3829 2713 3911 disciplinae
2741 3830 3002 3913 epigra-

482 3946 707 4029 phicae
728 3989 747 4022 ,
818 3944 1061 4008 necne?
1175 3945 1293 4009 Me
1352 3945 1604 4030 quidem
1662 3944 2022 4008 iamdudum
2082 3945 2212 4008 hoc
2267 3941 2328 4006 in
2386 3944 2610 4007 labore
2669 3953 2998 4005 versatum

483 4080 637 4124 usus
679 4059 817 4142 ipse
862 4057 1158 4135 edocuit,
1208 4057 1548 4141 unicuique
1594 4057 1788 4141 lapidi
1819 4055 1926 4120 sic
1949 4055 2248 4121 facillime
2279 4065 2520 4118 certum
2549 4055 2764 4119 locum
2801 4074 3000 4137 posse

488 4147 849 4256 assignari,
883 4171 951 4234 in
995 4191 1126 4256 quo
1170 4171 1535 4234 universam
1581 4168 1971 4256 antiquitatis
2009 4167 2340 4231 Romanae
2371 4165 2763 4248 disciplinam
2790 4167 2996 4244 iuvet,

486 4283 737 4361 firmet,
781 4284 1097 4358 illustret;
1165 4281 1278 4367 qui
1320 4283 1598 4358 taudem,
1648 4281 1712 4349 ni
1759 4281 1982 4356 fallor,
2031 4279 2312 4346 omnium
2356 4279 2716 4342 studiorum
2759 4280 2890 4343 hoc
2929 4278 3000 4342 in

490 4417 725 4483 genere
771 4395 1237 4461 collocatorum
1287 4417 1621 4479 supremus
1667 4405 1767 4460 est
1810 4393 1979 4457 finis.

656 4509 780 4574 His
826 4509 1117 4574 omnibus
1163 4507 1405 4574 subieci
1448 4506 1668 4593 Caput
1709 4505 1949 4572 XXII.
1999 4527 2080 4568 ex
2123 4503 2324 4569 variis
2353 4505 2840 4567 Hactuevcnn
2873 4507 2996 4569 ob-

490 4621 963 4688 servationibus
1017 4619 1261 4686 criticis
1316 4631 1659 4698 constans,
1722 4639 1888 4704 quae
1932 4617 2186 4702 quidem
2229 4617 2432 4682 laudis
2479 4637 2653 4680 meac
2697 4615 2859 4681 nihil
2899 4617 2996 4680 in·

488 4733 735 4819 digent.
824 4733 1311 4820 Praefationem
1358 4745 1565 4798 autem
1613 4731 2028 4818 subsequitur
2086 4730 2268 4795 Artis
2327 4729 2588 4796 criticae
2643 4729 2996 4813 lapidariae

2925 4921 2964 4970 J
