3142 5450
537 351 651 412 474
900 347 971 406 C.
1012 347 1175 406 vm.
1266 345 1654 406 NOMINVM
1691 343 1946 404 RA'HO
1985 344 2214 406 APVD.
2243 345 2665 405 ROMANOS.

690 473 859 538 2715.
916 477 1225 555 MANIVS
1283 479 1307 537 ΙΙ
1368 477 1760 537 AEMILIVS
1798 476 2038 535 LEPID
2099 479 2126 536 ΙΙ
2187 474 2516 536 STRATO
2554 475 2986 534 ROGAPOR
3029 477 3052 532 Ι

536 572 623 632 m
660 573 985 632 FnoNTE
1044 573 1115 630 P.
1160 558 1281 630 ΧΠ
1325 573 1349 632 ιι
1393 573 1477 631 m
1502 572 1729 632 Aeno
1759 573 1830 630 P.
1857 559 2068 630 Χῑῑῑ
2106 601 2180 616 -
2231 571 2476 630 Romae.
2517 571 2774 630 oda-ic.
2811 590 2886 645 p.
2917 575 3054 630 330.

682 685 1103 744 NVMERIVS
1145 687 1491 762 frequenter
1510 687 1574 742 iu
1598 686 1814 761 primia
1853 684 2074 762 legitur
2107 686 2174 740 in
2207 685 2370 760 lapp.
2399 683 2790 760 Pompeianis
2825 701 3052 738 reeens

538 779 797 836 effossis·
877 779 1005 838 cfr.
1069 777 1336 838 Fabrett.
1399 787 1503 848 50,
1575 780 1704 839 145.
1833 777 2122 836 OCCIVS
2187 779 2346 834 inter
2405 796 2784 853 praenomin.
2861 777 3052 834 refert

536 873 695 930 Mur.
740 877 917 942 1526,
979 881 1031 935 7.
1056 915 1071 942 ,
1127 873 1232 929 sed
1262 893 1475 949 parum
1518 862 1930 950 probabiliter:
2010 870 2380 930 PAVLLVS
2429 889 2806 946 praenomen
2851 874 3050 946 gentis

536 965 774 1024 Fabiae.
806 985 864 1024 ν.
896 985 951 1024 e.
994 966 1133 1024 Aet.
1166 966 1327 1022 Fral.
1361 969 1512 1023 Arv.
1554 966 1707 1024 Tab.
1745 973 1800 1026 1.
1882 965 2252 1024 PAVLLVS
2293 963 2588 1026 FABIVS
2627 965 2708 1038 Q.
2759 965 2842 1022 F.
2899 965 3050 1022 MA-

536 1059 817 1118 XIMVS.
886 1078 943 1116 v.
988 1057 1210 1118 Marini
1251 1079 1313 1136 p.
1354 1066 1447 1122 13.
1498 1065 1593 1122 76.
1635 1071 1696 1117 et
1729 1058 1995 1118 Fabrett.
2042 1079 2103 1136 p.
2147 1067 2242 1124 23.

686 1188 1147 1267 Hagenbuehi-us
1186 1189 1259 1248 de
1302 1192 1417 1248 hoe
1454 1193 1842 1268 praenomine
1882 1194 1963 1250 ita
2003 1191 2360 1266 disputavit:
2421 1189 2561 1262 „Ex
2587 1161 2910 1248 Gordonii
2935 1191 3044 1244 11⁸·-

533 1289 761 1336 nerario
797 1286 1047 1354 Angliae
1083 1287 1529 1358 septemtrionali
1564 1285 1732 1346 Maff.
1772 1289 1930 1341 Mus.
1977 1287 2116 1342 Ver.
2148 1287 2291 1355 446,
2336 1293 2368 1343 1
2407 1295 2469 1340 et
2499 1285 2534 1342 4
2550 1285 2573 1339 ε’

986 1389 1041 1438 1.
2170 1382 2227 1440 4.

680 1475 850 1532 2716.
892 1471 1025 1530 DIS
1064 1471 1444 1546 DEABVSQ
1674 1479 1843 1536 2717.
1886 1471 2045 1531 PRO
2086 1469 2189 1532 SA
2220 1511 2432 1530 .....

903 1566 975 1623 P.
1020 1564 1489 1627 POSTVMIVS
1864 1565 2264 1626 ANTONINI
2305 1565 2493 1624 AVG.
2535 1565 2645 1623 ΡΠ

901 1659 1340 1720 ACILIANVS
1869 1657 2185 1718 PAVLVS
2213 1659 2283 1716 P.
2313 1659 2383 1716 F.
2411 1659 2850 1718 PALATINA

1018 1753 1281 1812 PRAEF
1869 1751 2332 1813 POSTVMIVS
2371 1752 2822 1812 ACILIANVS

906 1847 1091 1907 con.
1120 1835 1183 1905 ῑῑ
1223 1849 1471 1908 DELM.
1866 1850 2148 1908 PRAEF.
2173 1831 2951 1908 consuls-,mnan
2979 1881 3034 1891 -

674 1943 825 1999 loeis
868 1959 993 2000 nou
1030 1941 1330 2000 indicatis.
1639 1942 1914 2002 Maffeius
1950 1946 2012 2002 in
2050 1963 2161 2002 auo
2197 1943 2402 2002 Indice
2438 1946 2742 2001 nominum
2763 1963 2786 1998 ε

680 2055 814 2093 voe.
856 2037 1211 2090 Postumius:
1346 2055 1355 2065 ·
1637 2037 1751 2110 ‚R
1787 2037 2129 2095 Postumius
2156 2038 2488 2096 Acilianus.
2521 2041 2668 2105 446,
2709 2035 2822 2094 1.”

677 2149 811 2197 yoe.
853 2131 1097 2186 Paulus.-
1629 2131 1892 2204 „Paulus
1923 2132 2268 2190 Postumius
2305 2132 2639 2190 Acilianus.
2679 2133 2842 2198 446,
2891 2131 2989 2190 45·

522 2221 742 2282 Nonne
778 2226 841 2282 in
880 2235 1133 2304 utroque
1174 2225 1372 2303 lapide
1422 2225 1580 2284 idem
1627 2228 1804 2284 homo
1847 2227 2066 2284 referri
2101 2226 2379 2284 videtur?
2455 2227 2630 2283 Tune
2668 2215 2737 2282 P’.
2787 2224 2942 2282 loeo
2982 2234 3030 2282 1.

529 2336 685 2386 nou,
726 2330 794 2375 nt
818 2319 1030 2397 vulgo,
1072 2321 1301 2374 Publius
1338 2339 1704 2396 praenomen
1741 2323 1890 2390 erit,
1947 2319 2054 2380 sed
2090 2321 2300 2375 Paulus
2332 2337 2718 2396 praenomen.
2817 2319 2910 2376 At
2953 2331 3034 2375 te-

528 2429 693 2469 mere
729 2431 921 2490 neque
966 2415 1029 2472 in
1068 2413 1203 2472 loco
1248 2425 1303 2474 1.
1346 2415 1596 2492 legerim
1632 2416 1704 2472 P.
1746 2415 1960 2493 siglam
1995 2415 2237 2484 Paulus,
2279 2433 2472 2492 neque
2511 2411 2848 2472 PAVLVS
2879 2413 3032 2470 Gor-

526 2505 692 2562 donii
734 2506 850 2564 loe.
886 2512 941 2567 4.
990 2519 1235 2565 extense
1278 2527 1597 2584 perperam
1623 2511 1915 2587 seriptum
1950 2528 2064 2586 pro
2089 2509 2160 2566 P.
2199 2507 2328 2566 solo
2365 2507 2434 2584 (i.
2474 2525 2528 2564 e.
2569 2506 2842 2583 Publius)
2891 2527 3030 2564 con-

528 2599 792 2656 ieeerim.
870 2600 971 2657 An
1009 2619 1123 2676 pro
1162 2600 1480 2660 PAVLVS
1520 2603 1784 2680 legemus
1822 2604 1894 2662 P.
1933 2601 2274 2662 AELIVS?
2348 2603 2525 2659 Tune
2563 2619 2640 2662 ex
2674 2600 3028 2658 nominihus

526 2693 846 2771 gentilieiis
892 2693 1122 2753 duobus
1174 2695 1290 2754 loc.
1344 2707 1396 2757 1.
1454 2699 1717 2773 positum
1765 2697 1944 2757 modo
1987 2709 2146 2756 esset
2181 2696 2518 2775 posterius,
2597 2696 2814 2773 priore
2857 2697 3028 2773 plane

527 2790 783 2857 omisso,
838 2801 905 2847 ut
954 2792 1213 2866 saepius.
1314 2791 1598 2851 Fortasse
1648 2805 1919 2869 praestat
1955 2794 2074 2851 loc.
2129 2804 2183 2853 1.
2239 2804 2506 2868 patrem,
2558 2790 2694 2849 loeo
2731 2794 2796 2849 ἂ.
2845 2788 3028 2847 filium

526 2902 855 2961 agnoscere
874 2926 890 2952 ,
934 2886 1037 2963 qui
1076 2886 1239 2961 patri
1287 2885 1352 2943 in
1403 2885 1788 2945 Praefectura
1829 2887 1980 2946 coh.
2032 2872 2108 2944 ss
2175 2886 2586 2945 Delmatarum
2620 2886 3024 2951 successerit.

525 2988 895 3056 paternoque
946 2980 1335 3055 praenomine
1380 2980 1576 3038 dietus
1615 2982 1841 3035 Publius
1875 3000 1998 3040 non
2036 2982 2146 3050 ait,
2207 2980 2312 3040 aed
2349 2980 2560 3035 Pastas
2599 2978 2786 3031 Mein·
2825 2980 3028 3043 Eli-s,

525 3090 675 3148 quae
721 3076 1129 3147 praenominis
1168 3075 1332 3127 Pauli
1356 3076 1578 3133 raritas
1609 3074 1909 3147 effecerit,
1947 3086 2016 3133 ut
2059 3076 2128 3132 P.
2161 3074 2234 3133 F.
2274 3070 2695 3138 PALATINA
2717 3070 3026 3131 incidere-

522 3176 628 3223 tur
666 3178 803 3224 ante
840 3166 1329 3229 POSTVMIVS.

672 3278 997 3338 PAVLLO
1054 3279 1399 3339 AEMILIO
1456 3280 1758 3339 PAVLLI
1811 3280 1882 3339 F.
1937 3273 2263 3339 PALatina
2319 3276 2676 3337 REGILLO
2725 3278 2806 3333 in·
2845 3278 3020 3336 Οτι-ιι.

522 3376 666 3441 3¹18,
708 3378 765 3431 9.
805 3362 1057 3451 legitur,
1102 3373 1590 3453 Scaligerumque
1616 3386 1783 3433 notat
1819 3372 2172 3444 Fabrettus,
2212 3392 2274 3449 p.
2297 3380 2392 3435 23.
2413 3416 2432 3442 ,
2473 3374 2664 3450 quiin
2689 3390 2806 3429 suo
2827 3376 3021 3431 nomi-

523 3486 667 3524 num
714 3468 909 3526 indice
956 3468 1216 3539 dederit,
1260 3488 1383 3527 non
1421 3488 1569 3527 voce
1606 3470 1914 3537 Aemilius,
1958 3468 2064 3525 sed
2081 3509 2098 3539 ,
2141 3467 2310 3547 quasi
2351 3484 2716 3543 praenomen
2747 3484 2890 3523 non
2931 3485 3020 3523 es-

526 3574 637 3639 set.
681 3580 829 3621 voce
850 3565 1103 3619 Paullus.
1185 3564 1432 3631 Gruteri
1468 3583 1681 3622 saxum
1716 3565 1928 3621 nititur
1967 3561 2252 3635 αὐτοψίᾳ
2279 3559 2515 3619 Schotti
2554 3571 2614 3617 et
2657 3560 2904 3618 schedis
2929 3562 3020 3617 Pi-

522 3658 792 3731 ghianist
870 3668 934 3715 at
986 3658 1207 3717 Metelli
1260 3658 1514 3717 schedae
1562 3656 1785 3717 habent
1834 3658 2032 3712 Paullo
2079 3657 2316 3711 Atmilie
2372 3655 2441 3711 P.
2491 3656 2555 3710 F.
2607 3654 2732 3709 Pal.
2777 3654 3018 3727 Regulo.

521 3748 822 3809 Bibranus
872 3755 1065 3829 magis
1118 3756 1297 3813 etiam
1332 3755 1561 3811 variati
1613 3755 1678 3809 L.
1720 3754 1912 3807 Aemil.
1953 3752 2139 3805 Paulli
2174 3752 2236 3806 F.
2276 3738 2462 3804 Paulli
2496 3752 2577 3804 N.
2615 3748 2870 3820 Regillo.
2947 3748 3018 3805 Vt

522 3844 809 3903 ineditum
858 3846 1151 3904 dederunt
1186 3846 1503 3904 Fabrettus
1542 3867 1607 3924 p.
1641 3849 1786 3916 459,
1831 3851 1922 3907 79.
1970 3856 2030 3903 et
2067 3844 2286 3903 Murat.
2325 3846 2470 3913 66⁸,
2513 3843 2612 3907 3.”

650 3938 1129 4007 .POSTVMVS.
1167 3960 1225 3999 v.
1265 3940 1529 3999 Fabrett.
1573 3962 1636 4018 p.
1679 3946 1774 4001 50.
1819 3948 1946 4003 137.
1989 3938 2091 3997 ubi
2135 3951 2334 3997 tamen
2360 3936 2636 4005 dubium,
2675 3956 2756 3993 an
2795 3938 2884 3995 sit
2921 3955 3014 3993 ve-

517 4051 656 4089 rum
704 4052 1104 4109 praenomen:
1184 4034 1659 4095 POSTVMOu
1715 4033 2120 4093 TVSSANIO
2175 4034 2300 4092 CN.
2343 4032 2414 4091 F.
2465 4032 2610 4091 ANI
2645 4028 2778 4108 (sic)
2829 4031 3012 4096 PRO-

674 4222 999 4282 PRIMVS.
1041 4253 1119 4269 —-
1154 4224 1383 4286 PRIMI
1420 4223 1812 4283 PAMPHILI
1852 4222 2219 4281 SECVNDI.
2284 4252 2344 4265 -—
2427 4219 2629 4279 Mafl'ei
2665 4220 2832 4275 Mas.
2879 4222 3006 4275 Ver.

521 4338 583 4395 p.
629 4317 758 4378 145.

667 4410 926 4469 PVPVS
968 4430 1083 4487 pro
1118 4414 1504 4489 praenomine
1543 4410 1722 4470 habet
1755 4413 2046 4471 zaccaria
2083 4430 2145 4488 p.
2185 4416 2277 4473 75.
2315 4429 2390 4467 ex
2429 4397 2550 4486 lap.
2581 4406 3002 4467 Mediolanensi

514 4526 611 4583 ap.
658 4504 827 4564 Maffl
868 4508 1027 4561 Mus.
1066 4507 1207 4563 Ver.
1244 4526 1305 4593 p.
1350 4510 1493 4575 569,
1534 4510 1630 4567 6.=

670 4644 837 4699 2718.
895 4638 971 4695 D.
1018 4637 1081 4697 M
1140 4638 1163 4697 ΙΙ
1220 4638 1405 4695 PVPI
1448 4638 1702 4733 ACVTI
1744 4638 1768 4697 ΙΙ
1825 4636 2137 4697 IVSTINI
2179 4636 2204 4697 ΙΙ
2249 4634 2720 4695 VIRILLIENA
2763 4632 2792 4693 Ι
2839 4630 3006 4691 CRE-

514 4730 923 4793 SCENTINA
984 4734 1009 4793 ΙΙ
1078 4732 2042 4798 MA·1·ER1NFEL1nclsSIMA
2104 4732 2132 4792 ΙΙ
2187 4730 2431 4791 FILIO.
2493 4760 2558 4775 -
2641 4728 2764 4789 Sed
2803 4739 2902 4785 est
2935 4742 2994 4781 re
