3142 5450
378 348 552 443 'n
900 437 906 441 .
1052 461 1171 473 ι,
1318 350 2128 455 ΡὴΑΕῈΑΤΙα

460 538 655 613 ειιειιί
726 548 1045 633 quodque·
1118 546 1383 611 classem
1466 545 1742 617 relatum
1825 514 2064 627 magnai
2125 564 2268 609 cum
2333 540 2636 623 facilitate
2707 540 2990 609 inveniri

463 674 685 752 queat.
1338 654 1341 658 ’

630 772 831 853 Cuius
871 771 1125 859 quidem
1172 770 1431 856 generis
1475 754 1544 836 in
1580 754 1915 837 thesauros
1949 772 2232 835 nondum
2259 770 2574 835 illatarum
2605 768 2984 854 inscriptio-

458 908 613 951 num
659 878 939 969 quintam
982 885 1187 951 ferme
1230 896 1475 968 partem
1522 905 1698 949 meae
1733 882 2137 947 collectionis
2175 882 2322 949 fore
2335 884 2694 971 ,sponde03
2741 874 2870 967 qua
2903 884 2985 945 de

454 1020 531 1063 re
569 998 769 1063 cuivis
809 1001 1163 1075 constabit,
1234 997 1368 1076 ubi·
1402 998 1513 1061 vel
1553 996 1824 1061 indicem
1867 996 2184 1061 librorum
2227 1008 2380 1077 post
2421 994 2672 1067 Donati
2713 996 2986 1079 supple-

456 1123 735 1177 mentum
780 1132 1163 1175 excusorum
1226 1123 1290 1173 et
1346 1131 1381 1173 a
1438 1132 1538 1173 me
1601 1122 2058 1191 excerptorum
2119 1107 2432 1191 inspicere
2483 1094 2782 1193 dignatus
2823 1106 2982 1197 erit.

430 1200 677 1287 ”Multa
722 1224 974 1307 quidem
1019 1222 1323 1299 Millino,
1372 1224 1725 1309 sed-longe
1769 1221 2044 1312 plurima
2081 1220 2672 1297 debeo'Marinio,
2709 1219 2869 1313 ⁵vit-o
2913 1220 2984 1283 in

454 1336 555 1399 bis
584 1336 809 1401 studiis
840 1334 1307 1411 versatissimo,
1348 1347 1417 1399 et
1452 1335 1905 1420 Hagenbuchii
1935 1335 2186 1399 aemulo
2205 1378 2224 1411 ,
2273 1332 2419 1397 ide'o
2451 1333 2638 1399 etiam
2665 1332 2978 1425 feliciori,

452 1452 634 1533 quod
676 1448 737 1511 ei
779 1448 1021 1530 lapides
1062 1448 1243 1543 ipsos
1280 1446 1483 1513 oculis
1520 1469 1861 1530 usurpare,
1907 1447 2360 1532 ingentemque
2400 1468 2728 1513 numerum
2767 1468 2984 1529 nuper

456 1532 706 1627 demum
750 1574 1083 1625 erutorum
1125 1560 1339 1643 primo
1382 1559 1636 1644 publici
1677 1560 1834 1623 iuris
1881 1559 2098 1623 facere
2142 1559 2348 1623 licuit.

630 1674 781 1755 Quo
812 1695 975 1739 vero
1005 1695 1131 1757 pro
1160 1673 1429 1737 instituti
1458 1673 1585 1737 mei
1613 1694 1854 1737 summa
1883 1670 2112 1755 populi
2134 1668 2414 1737 Romani
2435 1670 2654 1747 vitam,
2685 1671 2980 1751 (Varro-

452 1786 647 1851 niano
680 1788 1002 1852 vocabulo
1034 1788 1213 1867 utor)
1243 1808 1431 1872 quam
1462 1785 1736 1849 maxime
1765 1785 1908 1849 fieri
1935 1794 2180 1867 posset,
2213 1783 2706 1867 inscriptionum
2729 1782 2982 1849 auxilio

450 1875 842 1964 illustrarem
864 1942 881 1975 ,
930 1900 1099 1963 banc
1126 1898 1297 1963 viam
1328 1896 1485 1961 mihi
1512 1898 1998 1982 ingrediendam
2030 1909 2210 1978 ratus
2243 1918 2418 1971 sum,
2465 1906 2540 1959 ut
2563 1894 2750 1961 initio
2781 1906 2982 1977 capto

416 2013 531 2079 ,ab
580 2011 727 2093 ipso
770 2010 999 2093 populi
1040 2010 1321 2075 Romani
1364 2008 1694 2075 domicilio
1743 2031 1816 2073 ac
1861 2012 2048 2089 sede,
2101 2010 2284 2075 Urbe
2328 2020 2584 2073 aeterna
2607 2053 2628 2084 ,
2675 2029 2795 2091 per
2843 2007 2980 2071 sin-

451 2124 633 2209 gulas
680 2124 813 2188 eius
854 2118 1161 2208 regiones
1200 2122 1324 2187 iter
1368 2125 1547 2187 velut
1589 2121 1985 2187 instituerem
2009 2165 2026 2197 ,
2079 2144 2154 2187 ac
2196 2119 2638 2187 memorabilia
2679 2142 2979 2208 quaeque

454 2236 705 2319 lapidea
738 2247 1146 2302 monumenta
1174 2236 1509 2321 seligerem
1540 2257 1662 2319 per
1692 2240 1945 2299 easdem
1975 2235 2080 2299 vel
2117 2234 2270 2300 olim
2301 2246 2584 2318 reperta,
2626 2234 2734 2297 vel
2764 2234 2980 2297 adhuc

452 2348 792 2415 exstantia.
880 2351 989 2413 Ex
1022 2350 1232 2413 'Urbe
1274 2348 1423 2413 dein
1463 2369 1858 2433 progressus
1903 2348 2154 2411 Italiam
2196 2370 2232 2411 a
2275 2347 2736 2429 septemtrione
2781 2344 2979 2409 meri-

453 2450 616 2525 diem
664 2483 891 2524 versus
938 2484 1079 2523 cum
1123 2460 1347 2524 insulis
1408 2460 1539 2525 suis
1598 2458 1981 2545 peragravi,
2039 2459 2138 2522 *ita
2194 2469 2266 2523 ut
2323 2460 2402 2523 ad
2447 2480 2522 2521 ea
2563 2458 2974 2543 potissimum

449 2573 723 2637 animum
766 2576 1192 2649 adverterem,
1240 2594 1405 2664 quae
1436 2571 1633 2637 ‘situm
1679 2583 1872 2657 atque
1901 2570 2160 2657 antiqua
2187 2570 2448 2637 nomina
2478 2570 2974 2655 municipiorum

450 2686 977 2771 coloniarumque
1024 2688 1373 2762 docerent,
1424 2696 1523 2762 et,
1573 2706 1739 2771 quae
1775 2684 2222 2768 praetermissa
2265 2684 2576 2760 viderem,
2625 2697 2736 2750 aut
2777 2684 2976 2770 igno-

444 2811 585 2864 rata
626 2821 660 2865 a
700 2786 1055 2876 Cluverio,
1108 2797 1421 2875 cellario,
1470 2800 1822 2863 Mannerto
1845 2843 1862 2874 ‚
1913 2798 2096 2862 nimis
2129 2798 2468 2865 fastidioso
2499 2798 2780 2880 lapidum
2813 2819 2978 2862 con-

446 2923 809 2996 temptore,
858 2933 935 2974 ac
976 2911 1387 2990 Reichardo,
1447 2911 1737 3000 ‚studiose
1781 2912 2195 2996 colligerem:
2265 2910 2386 2975 etsi
2441 2910 2756 2994 plurima,
2807 2932 2972 2996 quae

444 3045 679 3109 aequo,
702 3045 851 3088 sane
894 3023 1034 3090 iure
1076 3025 1203 3088 buc
1245 3024 1612 3106 potuissent
1649 3023 1922 3098 referri,
1973 3045 2114 3088 meo
2147 3045 2230 3088 ex
2263 3023 2538 3090 consilio
2579 3025 2976 3088 reservanda

444 3149 628 3202 erant
683 3135 879 3219 capiti
938 3139 1019 3200 ad
1070 3159 1209 3200 rem
1270 3136 1712 3220 municipalem
1757 3137 2096 3219 spectanti.
2189 3135 2320 3200 Sed
2353 3136 2419 3198 in
2457 3135 2728 3220 reliquis
2768 3137 2972 3202 Orbis

441 3249 723 3317 Romani
772 3248 1059 3332 partibus
1109 3248 1594 3334 provinciisque
1617 3295 1634 3324 ,
1703 3247 2020 3332 Hispania
2047 3293 2066 3324 ,
2143 3247 2472 3312 Britannia
2493 3293 2512 3324 ,
2595 3249 2966 3324 Germania,

451 3363 701 3440 Gallia,
772 3362 1037 3440 Raetia,
1108 3362 1396 3439 Norico,
1470 3361 1846 3437 Pannonia,
1915 3355 2276 3436 Dalmatia,
2351 3360 2590 3436 Dacia,
2665 3360 2964 3438 Graecia,

448 3474 608 3542 Asia
656 3474 943 3550 minore,
990 3475 1308 3560 Aegypto
1354 3487 1419 3538 et
1461 3475 1690 3540 Africa
1733 3473 2082 3557 specimina
2125 3484 2368 3536 tantum
2415 3476 2620 3538 danda
2662 3473 2965 3550 iudicavi,

446 3587 611 3650 idem
642 3587 1215 3679 tamefficonsilium
1258 3585 1695 3664 secutus,‘ut,
1739 3609 1901 3674 quae
1933 3586 2204 3650 maxime
2239 3597 2466 3650 notatu
2497 3586 2698 3672 digna
2727 3599 2963 3664 essent,

447 3701 557 3764 vel
588 3701 893 3786 ‘neglecta
937 3701 1413 3784 a-geograpbis
1460 3701 1807 3786 deligerem
1851 3711 2042 3784 atque
2089 3699 2484 3763 exhiberem.
2573 3699 2670 3764 At
2719 3698 2962 3782 patriae

448 3835 669 3886 amore
732 3815 957 3876 ductus
1017 3812 1200 3876 aliam
1256 3833 1527 3894 prorsus
1585 3813 1900 3877 rationem
1961 3812 2222 3876 adhibui
2276 3812 2340 3875 in
2387 3811 2558 3876 saxis
2605 3811 2966 3876 Helveticis

408 4009 419 4014 -
452 3923 932 4006 conquirendis,
968 3924 1327 4007 periculum
1356 3925 1541 3988 simul
1568 3925 1885 4001 facturus,
1921 3947 2260 4009 quousque
2291 3924 2540 3988 iuvaret
2569 3924 2630 3988 in
2664 3923 2963 3990 Latinam

444 4057 703 4122 quoque
733 4035 1183 4124 epigraphicen
1212 4037 1541 4102 introduci
1571 4037 1860 4104 ordinem
1891 4038 2068 4102 illum
2107 4036 2640 4123 geographicum‚
2677 4033 2818 4121 qui,
2847 4037 2964 4102 etsi

452 4171 535 4216 ex
576 4162 760 4232 parte
806 4149 1275 4214 contradicente
1322 4149 1619 4233 Koppio,
1665 4150 1750 4216 in'
1779 4152 2026 4215 Graeca
2073 4150 2304 4214 merito
2347 4150 2591 4233 placuit
2629 4149 2962 4216 Boeckbio

446 4261 542 4324 V.
580 4261 685 4326 Cl.
724 4257 987 4344 eiusque
1017 4261 1213 4327 sociis
1235 4261 1704 4327 eruditissimis.
1753 4262 2173 4345 Experientia
2197 4262 2398 4348 igitur
2421 4283 2520 4326 me
2543 4262 2789 4338 docuit,
2809 4255 2963 4328 'fieri

441 4373 506 4437 id
536 4374 793 4464 quidem
826 4395 1046 4458 posse,
1092 4374 1284 4440 imino
1320 4375 1487 4440 effici
1522 4378 1760 4440 debere
1799 4398 1836 4438 a
1869 4374 2138 4460 singulis
2169 4349 2326 4438 viris
2357 4375 2570 4439 doctis
2601 4374 2872 4460 singulis
2899 4375 2963 4438 in

442 4486 839 4569 provinciis,
910 4487 1379 4572 vicinitatibus,
1456 4488 1722 4554 urbibus
1767 4500 1958 4574 atque
1999 4489 2298 4572 oppidi33
2365 4489 2476 4552 sed
2519 4490 2646 4553 boc
2691 4487 2858 4551 idem
2900 4501 2970 4552 ut

377 4581 387 4590 ’
440 4610 722 4665 tentetur
756 4597 821 4664 in
867 4599 1175 4664 universo
1214 4601 1556 4686 aliquando
1596 4600 2083 4684 inscriptionum
2131 4599 2506 4667 Latinarum
2537 4620 2819 4683 corpore
2851 4602 2961 4663 ad·-

444 4715 781 4788 ornando,
830 4711 1063 4777 nemini
1104 4712 1392 4796 equidem
1450 4725 1677 4779 auctor
1713 4735 1852 4778 sum
1900 4711 2185 4779 futurus.
2275 4713 2432 4778 Vidi
2475 4713 2644 4806 enim
2685 4712 2970 4790 bicillic

600 5033 611 5062 Ι
