3142 5450
483 312 551 371 C.
593 312 757 371 VIII.
835 312 1224 382 NOMINVM
1265 310 1516 369 RATIO
1557 311 1776 371 APVD
1816 310 2233 371 ROMANOS.
2500 262 2628 375 477·-

217 448 434 502 27ae.
491 443 630 501 Duo
679 446 1068 521 praenomina
1123 442 1424 501 interdum
1469 462 1625 501 unus
1668 442 1941 521 idemque
1998 442 2272 521 gerebam
2354 464 2429 503 ex
2493 464 2611 523 quo

63 538 518 611 posteriorum
562 550 898 614 temporum
955 557 1122 595 more
1181 540 1458 615 ignorato
1513 556 1757 594 errores
1803 537 2103 594 interdum
2156 526 2391 595 suborti
2435 550 2609 607 sunt,

63 632 140 685 ita
189 642 264 687 ut
311 650 626 691 saxorum
663 635 1022 708 interpretes
1063 631 1136 689 de
1175 629 1406 692 duobus
1445 630 1785 689 bominibus
1826 632 2192 708 cogitarent,
2235 630 2337 689 nbi
2374 633 2447 690 de
2488 650 2611 690 uno

63 724 420 783 dumtaxat
467 746 665 783 sermo
703 737 880 783 esset.
963 725 1088 783 Cfr.
1133 726 1355 783 Marini
1391 727 1532 779 Atta·
1571 736 1625 783 1.
1666 740 1729 801 p.
1772 730 1903 787 254.
1930 746 1947 779 =

220 838 310 894 L.
380 838 752 897 POMPEIO
813 837 1157 897 voPISCO
1211 836 1756 895 c.ARRVNT10
1815 836 2080 894 CATEI
2082 836 2221 895 LIO
2272 826 2605 897 CELERE.

63 934 210 987 item
269 952 345 1007 p.
409 936 545 994 35¹1.
593 936 726 994 677.
771 938 899 997 755.
993 932 1116 989 Iste
1169 950 1298 989 mos
1348 950 1426 989 ex
1473 929 1895 1009 adoptionibus
1933 934 2186 989 maxime
2231 933 2531 1041 videtur.
2504 953 2611 991 ex-

63 1025 448 1099 plicaudns.

225 1182 436 1239 2750.
489 1175 772 1235 Veterem
821 1176 984 1235 illam
1039 1186 1102 1235 et
1149 1184 1536 1253 pervagatam
1588 1174 1661 1233 de
1706 1176 2066 1235 feminarum
2118 1176 2607 1251 praenominibus

66 1273 554 1346 quaestionem,
623 1270 721 1329 vel
769 1290 804 1327 a
848 1270 1190 1329 Forcellino
1227 1289 1288 1327 v.
1329 1272 1679 1324 Praenomen
1716 1272 1777 1325 in
1810 1268 2231 1344 compendium
2270 1271 2569 1327 redactam
2587 1312 2605 1339 ,

75 1366 180 1421 hic
225 1382 592 1443 recoquere
637 1383 761 1423 non
797 1376 994 1423 vacat.
1069 1364 1362 1422 Nostrum
1409 1366 1611 1440 potius
1663 1375 1756 1420 est
1806 1366 2014 1421 critice
2062 1364 2431 1439 perlustrare
2481 1366 2611 1421 sin-

71 1458 216 1533 gula
277 1458 396 1515 illa
441 1479 476 1516 a
515 1476 748 1535 magno-
773 1458 1081 1535 Scaligero
1119 1460 1183 1515 in
1217 1458 1344 1512 Ind.
1382 1460 1548 1513 Grut.
1577 1461 1670 1517 19.
1703 1458 1924 1526 relata,
1984 1468 2050 1514 ut
2087 1458 2227 1534 qnid
2266 1458 2403 1517 inde
2440 1458 2639 1515 coni--
2700 1516 2711 1523 ,

75 1552 360 1626 gendum
407 1555 524 1619 sit,
567 1555 780 1631 cuique
823 1562 1078 1609 constet.
1159 1550 1558 1608 Adiunximns
1596 1551 1711 1609 alia
1749 1570 1983 1629 qnoque
2020 1552 2453 1609 Muratoriana.

304 1664 410 1740 .(
423 1663 684 1740 AVLA)
727 1664 904 1723 Gr.nt
951 1672 1095 1731 811,
1141 1669 1196 1721 7.
1259 1664 1370 1817 ¹A.
1410 1665 1667 1718 Aemilia·
1698 1665 1761 1721 in
1804 1664 2001 1741 lapide
2044 1652 2431 1740 Hispaniensi
2479 1665 2608 1721 exi-

83 1776 268 1832 gnam
315 1776 478 1821 sane
516 1756 695 1815 fidem
731 1769 1017 1815 meretur.
1065 1762 1210 1825 855,
2664 1812 2673 1822 .

235 1870 326 1925 A.
391 1868 694 1927 VIREIA.
755 1868 874 1927 Sed
912 1868 1062 1944 lapis
1112 1870 1238 1944 ipse
1259 1765 1503 1926 ¹habere
1541 1869 1762 1927 dieitur
1797 1868 2181 1929 AVRELIA.
2222 1874 2366 1939 950,
2407 1831 2466 1929 9.
2525 1870 2603 1927 A.

80 1962 384 2019 PINIAE
435 1965 800 2040 iungendum
839 1973 930 2019 est
967 1962 1319 2019 AFINIAE.
1379 1960 1504 2020 Cfr.
1545 1962 1707 2020 Mur.
1746 1966 1893 2032 670,
1938 1966 1993 2021 4.
2040 1968 2218 2033 1292,

237 2056 320 2113 Β.
411 2058 478 2111 Β.
534 2058 680 2113 Vale
681 2065 770 2111 ne·
771 2076 894 2111 nae.
949 2063 1096 2126 888,
1152 2060 1206 2115 7.
1263 2055 1422 2135 quod
1472 2054 1566 2113 vel
1606 2076 1681 2113 ex
1720 2074 1929 2115 errore
1966 2059 2165 2135 aliquo
2204 2070 2441 2127 natum,
2513 2056 2608 2114 iel

90 2148 418 2227 significat
461 2152 670 2207 Vivam

371 2243 761 2320 .(APPIA)
806 2242 1007 2320 prodit
1046 2260 1120 2300 ex
1159 2263 1274 2300 una
1301 2246 1669 2303 Ariminensi
1696 2242 1983 2313 Garuffii,
2026 2246 2323 2303 notissimi
2356 2245 2603 2313 falsarii,

89 2336 326 2395 murat.
379 2338 559 2406 1642,
607 2349 660 2397 1.
741 2338 1113 2415 Agnoscitur
1149 2346 1348 2396 tamen
1385 2358 1418 2395 a
1459 2338 1805 2415 Cannegiet.
1846 2340 2016 2394 Nom.
2054 2338 2185 2393 Rae.
2224 2358 2282 2415 p.
2326 2342 2383 2398 9.

245 2432 322 2489 C.
415 2430 688 2508 (CAIA)
741 2438 882 2497 525,
942 2438 1034 2489 11.
1115 2432 1179 2486 C.
1219 2432 1526 2497 summme,
1567 2429 1673 2488 sed
1715 2437 1857 2499 521,
1918 2433 1975 2488 9.
2002 2472 2017 2496 ,
2064 2426 2166 2486 uhi
2205 2430 2361 2487 idem
2400 2432 2603 2489 titulus

95 2524 313 2591 datur,
375 2524 546 2583 deest
587 2541 953 2600 praenomen
973 2568 988 2592 ,
1049 2535 1116 2580 ut
1152 2535 1210 2581 et
1250 2524 1407 2600 apud
1445 2522 1807 2581 Grasserum
1845 2527 1907 2579 in
1955 2522 2482 2582 Nemausensihus.
2538 2556 2601 2569 -

95 2622 238 2686 416,
287 2625 350 2674 2.
435 2620 498 2673 C.
539 2620 814 2673 camisiae
853 2620 1156 2673 Ariadnes.
1207 2616 1312 2675 sed
1351 2606 1518 2693 apud*
1545 2615 1853 2674 Maffeium
1885 2618 2042 2672 Mus.
2081 2619 2218 2674 Ver.
2262 2622 2400 2686 166,
2442 2624 2497 2679 5.
2542 2622 2607 2677 in

98 2710 212 2768 alio
245 2712 612 2789 simpliciter
648 2722 740 2769 est
777 2712 1113 2766 Comisidae'ae
1151 2712 1466 2776 Ariadnes,
1457 2735 1471 2748 ·
1509 2694 1792 2790 quocirca
1833 2710 1903 2770 C.
1946 2713 2011 2768 in
2050 2712 2222 2768 titulo
2264 2712 2437 2770 Grut.
2470 2716 2607 2771 iuu-

102 2806 368 2879 gendnm
427 2806 663 2863 videtur
719 2825 884 2862 cnm
911 2803 1405 2882 praecedentibus
1464 2806 1538 2862 T.
1598 2805 1665 2862 F.
1716 2815 2055 2859 testamento
2105 2824 2157 2862 s.
2210 2815 2255 2858 ti
2248 2813 2319 2858 ‘ete
2320 2809 2433 2860 lum
2460 2807 2609 2882 fieri·
2630 2809 2635 2814 ’

101 2917 300 2952 curam
291 2907 356 2954 ’.ε
422 2929 484 2942 --
547 2903 696 2968 452,
742 2901 797 2958 4.
879 2897 951 2955 Ο.
989 2901 1192 2954 Planci
1192 2919 1260 2952 ae
1295 2899 1717 2976 Hispaniensis
1780 2909 1873 2955 est
1909 2900 2137 2975 spuria.
2225 2929 2287 2942 —
2368 2905 2499 2968 559,
2544 2911 2601 2963 8.

107 2988 171 3045 ἶ).
213 2991 525 3070 significat
563 2996 638 3048 Ce
639 2997 885 3048 ntur-iae.
934 3023 994 3036 —
1037 2997 1183 3061 677,
1229 3001 1319 3052 12.
1381 2989 1449 3048 D.
1489 2993 1717 3046 Clodiae
1723 2989 1957 3050 ,Haec
1994 2993 2235 3050 tandem
2274 2991 2605 3052 indubitata

105 3085 384 3156 videtur,
455 3105 636 3165 quum
680 3085 940 3144 Smetius
992 3085 1300 3160 αὐτόπτης
1345 3083 1752 3162 perhibeatur.
1802 3118 1863 3129 -
1929 3089 2068 3155 740,
2111 3086 2168 3143 4.
2232 3088 2508 3147 mutilus
2514 3099 2609 3147 est

109 3177 254 3252 lapis
281 3180 684 3238 ·Veronensis
741 3179 1072 3254 Saraynae.
1140 3209 1202 3222 —
1278 3185 1419 3250 759,
1462 3185 1517 3238 4.
1620 3178 1689 3236 C.
1742 3178 2027 3237 ATILIA
2076 3180 2275 3256 potius
2328 3191 2418 3238 est
2468 3181 2607 3240 CA-

109 3271 372 3342 T1L1A;
416 3285 726 3350 praeterea
765 3285 926 3331 totns
957 3274 1116 3349 ‚lapis
1157 3284 1470 3348 suspectus
1510 3283 1601 3329 est
1639 3271 1881 3329 Mafl'eio
1922 3275 1999 3331 A.
2042 3273 2112 3330 C.
2153 3273 2225 3330 L.
2265 3293 2328 3350 p.
2374 3281 2502 3334 205.
2540 3307 2600 3319 -

113 3369 246 3432 799,
292 3372 352 3426 4.
436 3367 508 3432 C
533 3366 864 3425 LARTIA.
907 3377 1000 3424 est
1037 3366 1389 3425 CIARTIA.
1429 3385 1489 3424 v.
1520 3364 1786 3423 Fabrett.
1816 3367 2113 3420 Emendat.
2142 3369 2243 3421 Gre
2242 3378 2307 3422 et.
2333 3387 2393 3444 p.
2426 3367 2499 3426 V.
2529 3401 2608 3414 —.
2729 3426 2736 3435 ,

113 3465 248 3525 872,
291 3466 353 3520 9.
399 3461 720 3546 eademque
759 3463 1015 3537 repetita
1053 3462 1193 3530 976,
1240 3467 1294 3522 7.
1379 3463 1438 3515 C·
1479 3461 1681 3513 Fulvia
1720 3461 1807 3530 Qu
1773 3466 1994 3523 :citatim
2032 3462 2169 3518 huic
2197 3461 2432 3539 quidem
2458 3463 2608 3521 nihil

117 3569 412 3626 apponere
453 3572 628 3632 queo.
678 3585 739 3596 -
783 3559 1082 3623 922,17.
1165 3551 2021 3611 C.SENTIAE.MILIAN.
2082 3557 2199 3612 viri
2254 3574 2606 3613 monumen-

113 3655 232 3701 uun
259 3659 376 3716 est,
417 3648 646 3706 scilicet
683 3629 1533 3706 C.SENTI.AEM1LLAN1·.
1590 3645 1867 3704 HAozmi.
1918 3678 1979 3689 —
2022 3651 2166 3716 975,
2211 3657 2266 3708 1.
2346 3651 2409 3704 C.
2448 3651 2607 3704 Fan-
2663 3681 2669 3688 ,

118 3755 169 3788 m
153 3744 238 3790 iea
275 3743 336 3796 C.
381 3741 446 3796 L.
485 3760 518 3798 e
557 3739 962 3808 Scardeonio,
1003 3743 1172 3798 cuins
1212 3743 1426 3818 exigua
1467 3747 1560 3798 est
1607 3742 1956 3797 auctoritas.
2014 3735 2181 3795 Casa
2228 3741 2607 3801 scribebatur

119 3833 284 3890 etiam
321 3835 397 3892 K.
429 3853 490 3892 v.
533 3855 588 3892 c.
629 3827 704 3891 de
739 3835 816 3890 K.
861 3836 1111 3888 Artoria
1136 3839 1265 3902 525,
1309 3841 1365 3891 2.
1393 3836 1499 3890 vix
1529 3835 1645 3890 erit
1676 3819 2137 3892 dubitandum.
2165 3834 2388 3893 Contra
2422 3837 2498 3914 21.
2542 3841 2605 3895 in

117 3928 250 3994 995,
300 3939 356 3991 8.
425 3939 519 3986 est
581 3929 958 3985 notissimum
1026 3926 1170 3984 illud
1219 3925 1288 3984 θ.
1343 3927 1416 3985 L.
1471 3929 1647 3982 Casae
1694 3927 1922 3983 liberta.
1977 3927 2051 3983 Κ.
2106 3929 2171 3984 in
2222 3927 2605 4006 Semigraeco

121 4017 212 4074 illo
245 4024 348 4082 671
368 4065 386 4090 ,
445 4027 537 4082 14.
583 4020 897 4100 legendnm
946 4019 1055 4082 καὶ
1095 4022 1422 4094 Φηλίκιτας
1470 4021 1683 4100 γονεῖς.
1742 4019 2020 4078 Hiems.
2062 4023 2145 4079 ita
2174 4021 2262 4086 .K.
2305 4023 2605 4101 significat·

119 4113 234 4170 nal.
275 4118 419 4186 684,
463 4123 520 4179 5.
577 4115 706 4174 cfr.
749 4115 1004 4192 denique
1041 4113 1200 4172 Mur.
1245 4123 1425 4182 1128,
1469 4118 1526 4173 4.

257 4209 382 4266 CN.
427 4211 454 4288 (
467 4209 722 4286 CNEA)
760 4213 911 4279 974,
955 4215 1010 4270 5.
1066 4207 1194 4266 CN.
1238 4211 1502 4263 Cocceiae
1541 4210 1707 4262 Irene
1738 4225 1993 4284 prorsus
2034 4206 2277 4267 dubium
2316 4209 2384 4268 fit
2420 4211 2605 4267 colla-
2646 4243 2663 4274 ς

124 4299 192 4353 ὶὶῦ
224 4305 364 4373 974,
422 4311 478 4362 2.
520 4316 582 4361 et
621 4307 764 4374 726,
807 4311 864 4366 8.
962 4301 1188 4360 contra
1229 4308 1369 4370 785,
1425 4303 1484 4362 6.
1584 4303 1707 4356 CN.
1756 4302 2033 4356 Liburnia
2068 4303 2347 4376 EpIctetis
2394 4301 2603 4364 Smetii

125 4394 320 4545 nititnr,
352 4395 504 4465 flde3
547 4414 740 4474 neque
777 4395 1104 4454 neiicienda
1143 4395 1422 4454 GNAEA
1463 4398 1609 4464 274,
1651 4402 1708 4452 2.

389 4489 778 4567 (DECIMA)
822 4493 964 4557 754,
1009 4499 1098 4548 10.
1129 4507 1206 4546 ex
1230 4493 1378 4548 satis
1403 4487 1659 4546 ridiculo
1686 4506 1929 4558 errore,
1972 4507 2154 4568 quum
2187 4491 2265 4546 sit
2308 4489 2387 4548 Di
2387 4511 2417 4544 s
2442 4523 2503 4538 --
2535 4523 2597 4537 .-

127 4573 632 4648 Manibus.„1dem
669 4583 890 4640 accidit
931 4581 1240 4660 Scaligero
1277 4588 1422 4651 916,
1469 4591 1560 4644 17.

258 4675 308 4733 '1
347 4679 652 4736 inversum
703 4677 792 4734 J..
841 4685 980 4746 150,
1021 4683 1080 4736 7.
1095 4631 1264 4754 aqnid
1305 4677 1420 4736 sibi
1462 4676 1636 4745 velit,
1680 4623 2005 4733 obsoni-uni
2038 4689 2149 4734 est.
