3142 5450
482 328 537 452 '8
702 386 715 393 '
1006 416 1026 437 ρ
1309 378 2108 447 PRAEFATIO.

314 529 321 543 ⁸
372 612 387 625 ,
496 552 849 636 decipimur
878 548 1309 635 interpolatis,
1357 549 1816 616 commenticiis
1836 596 1855 626 ,
1899 550 2226 633 corruptis
2245 550 2579 643 ,·mutilis;
2625 538 2828 637 quam
2861 548 3030 635 plu-

494 666 689 729 rimas
729 667 1000 749 denique
1036 686 1157 747 per
1190 662 1422 754 itinera
1458 662 2028 748 peregrinantium,
2073 686 2149 729 ac
2175 648 2296 748 per
2333 666 2588 765 libellos
2620 663 3034 750 pracsertim

422 768 427 775 ⁵
494 778 795 854 Italicos,
857 798 1133 861 quorum
1183 798 1337 841 raro
1380 776 1456 839 fit
1484 776 1690 858 ‘copia
1733 776 1976 840 homini
2013 780 2340 843 Germano
2361 824 2380 854 ‚
2429 780 2697 844 subinde
2742 800 3034 863 sparsas

492 913 767 979 prorsus
801 890 1175 976 ignoremus
1213 911 1473 955 necesse
1512 901 1636 953 est.
1725 888 1852 952 Sed
1881 911 1992 955 eos
2025 890 2449 975 potissimum,
2495 893 2610 977 qui
2647 914 2680 955 a
2713 892 3032 975 copiosis

495 1002 913 1067 bibliothecis·
941 1002 1199 1087 longius
1241 1000 1479 1066 remoti
1516 1024 1639 1084 per
1671 1003 2016 1084 Gymnasia
2058 1005 2570 1069 adolescentibus
2600 1004 3034 1069 instituendis

498 1137 759 1197 operam
807 1118 993 1190 dant,
1054 1114 1413 1201 aegerrime
1450 1136 1713 1189 carere,
1767 1136 1846 1179 ne
1902 1117 2190 1181 Grutero
2239 1116 2480 1193 dicam,
2536 1117 3026 1195 Fleetwoodio

498 1230 683 1292 etiam
708 1273 725 1303 ,
790 1240 851 1290 et
902 1227 1248 1292 Polcastro
1272 1272 1292 1303 ,
1360 1239 1460 1305 ct,
1522 1229 1636 1311 qui
1669 1228 1839 1292 inter
1875 1230 2402 1312 compendiorum
2441 1230 3035 1316 epigrapbicorum

494 1324 847 1423 scriptores
890 1339 1262 1423 primarium
1305 1341 1552 1407 obtinet
1586 1338 1838 1419 locuin,
1895 1342 2246 1407 Morcellio
2266 1387 2285 1418 ,
2333 1364 2796 1425 saepenumero
2847 1342 3029 1417 vidi,

496 1475 574 1515 ac
627 1454 1039 1517 vehementer
1083 1452 1305 1549 dolui.v
1376 1454 1674 1535 Quorum
1717 1456 1970 1538 quidem
2021 1455 2374 1518 commodis
2419 1478 2614 1540 quum
2651 1436 2820 1519 esset
2850 1458 3033 1531 ‚sub-

495 1565 873 1631 veniendum
894 1610 913 1645 ,
950 1565 1027 1628 iis
1060 1586 1319 1651 quoque
1350 1576 1421 1629 ut
1450 1566 1938 1649 prospiceretur
1973 1580 2462 1633 consentaneum
2511 1580 2682 1645 erat,
2731 1568 3016 1653 quibus,

495 1680 841 1743 dummodo
873 1690 1241 1763 suppeteret
1270 1690 1556 1761 tempus,
1605 1678 1891 1764 largiora
1931 1680 2210 1743 subsidia
2241 1683 2556 1767 denegata
2589 1702 2721 1744 non
2760 1688 3027 1744 essent.

497 1790 669 1871 Quin
726 1788 915 1854 etiam
969 1790 1113 1873 ipsa
1168 1790 1500 1874 disciplina
1544 1801 1672 1854 tam
1717 1792 2012 1893 neglssta
2055 1792 2266 1880 iuvari
2310 1793 2706 1879 aliquatenus
2749 1805 3032 1876 poterat

490 1922 667 1969 nova
710 1902 846 1966 eins
888 1902 1167 1985 epitome
1224 1906 1394 1969 baud
1450 1925 1725 1987 prorsus
1775 1904 2001 1996 inscite
2053 1908 2396 1982 adornata,
2455 1928 2619 1989 quae
2675 1905 3024 1989 philologi

498 2015 865 2081 Germanici
894 2017 1201 2081 honestae
1231 2018 1549 2081 sufficeret
1571 2017 1952 2083 curiositati.
2013 2018 2206 2082 Hune
2237 2018 2402 2081 enim
2439 2039 2568 2082 non
2607 2031 2732 2086 tam
2761 1994 3023 2099 stilum,

495 2134 683 2213 ‘quem
720 2128 960 2205 dicunt,
1006 2129 1523 2213 inscriptionum,
1573 2132 1680 2212 (de
1715 2152 1845 2216 quo
1885 2132 2216 2212 praeclare
2249 2131 2552 2214 exposuit
2588 2132 3022 2213 Morcellius)

497 2262 684 2325 quiam
753 2254 1195 2327 argumentum
1252 2242 1461 2327 ipsum
1517 2242 1770 2306 varium
1829 2254 1898 2307 et
1953 2244 2292 2325 multiplex
2348 2256 2646 2325 spectare
2692 2266 2816 2326 par
2871 2256 3021 2318 est;

492 2356 605 2417 sed
625 2396 644 2431 ,
699 2366 771 2418 ut
810 2356 1043 2423 habeat
1088 2355 1451 2421 doctissimi
1478 2356 1632 2420 Itali
1675 2356 1910 2423 librum
1931 2400 1950 2433 ,
1999 2356 2312 2421 rariorem
2357 2354 2528 2439 apud
2565 2380 2684 2422 nos
2721 2368 2786 2421 et
2821 2356 3024 2421 nimis

493 2488 751 2544 earum,
822 2488 904 2531 ex
943 2455 1031 2531 'eo
1071 2468 1489 2551 paucissimos
1526 2471 1858 2546 dumtaxat
1889 2470 2113 2535 titulos
2133 2514 2152 2546 ,
2211 2468 2504 2553 quamvis
2549 2470 2816 2553 copiose
2859 2470 3020 2533 illu-

493 2570 769 2656 stratos,
824 2592 1206 2663 pernoscet3
1252 2600 1463 2666 neque
1511 2581 1704 2647 facile
1749 2584 1866 2646 hos
1911 2604 2153 2665 paucos
2199 2604 2382 2645 suum
2423 2581 2490 2644 in
2533 2604 2716 2645 usum
2759 2581 3022 2664 poterit

494 2704 909 2764 convertere.
1002 2692 1330 2776 Quocirca
1372 2692 1527 2759 nihil
1566 2716 1760 2780 quum
1781 2695 2108 2773 ‘videt-em,
2157 2698 2336 2779 quod
2363 2716 2626 2782 magnas
2661 2694 2832 2760 inter
2869 2694 3020 2760 col-

485 2805 803 2870 lectiones
850 2817 1039 2892 atque
1068 2807 1379 2890 epitomas
1422 2807 1786 2890 praedictas
1829 2808 2066 2872 iustum
2105 2807 2368 2894 aliquod
2411 2808 2684 2872 medium
2723 2819 3012 2883 teneret,

492 2917 601 2980 diu
646 2920 987 2982 admodum
1030 2931 1165 2998 est,
1227 2940 1311 2984 ex
1349 2941 1485 3004 quo
1530 2921 1600 2984 in
1645 2920 1918 2986 animum
1961 2922 2223 2998 induxi,
2293 2921 2570 2985 simulac·
2597 2933 2749 3004 post
2789 2922 3014 2984 varias

488 3030 795 3095 fortunae
844 3031 1355 3112 vicissitudines,
1406 3034 1601 3098 miras
1647 3034 1823 3112 illas,
1874 3055 2084 3120 neque
2127 3045 2336 3098 tamen
2370 3033 2650 3120 ingratas
2671 3079 2690 3110 ,
2761 3032 3016 3116 patriae

496 3145 749 3206 tandem
788 3163 994 3216 essem
1031 3145 1391 3222 restitutus,
1432 3146 1654 3214 hocin
1687 3167 1926 3232 genere
1957 3147 2298 3232 aliquando
2337 3145 2702 3210 elaborare.
2725 3133 3015 3209 'Etenim

492 3257 745 3320 Romae
766 3302 785 3333 ,
846 3257 1143 3322 Lutetiae
1162 3303 1180 3337 ‚
1238 3258 1593 3345 Gottingae
1611 3302 1630 3337 ,
1679 3260 2006 3338 Berolini,
2055 3259 2490 3324 Vindobonae
2531 3259 2739 3323 maior
2783 3260 3014 3344 utique

492 3367 814 3434 librorum
850 3370 1227 3450 multitudo,
1277 3371 1585 3438 Nemausi
1621 3361 1842 3450 antea,
1889 3393 2094 3449 nunc,
2141 3383 2214 3435 ut
2251 3371 2462 3448 audio,
2513 3371 2836 3449 Lutetiae,
2890 3373 3010 3434 ab·

492 3479 917 3546 solutissimus
958 3483 1147 3551 etiam
1182 3483 1290 3549 ille
1335 3484 1528 3550 index
1575 3485 2069 3571 Seguierianus,
2138 3507 2220 3548 ne
2263 3505 2428 3547 nunc
2466 3485 2724 3570 quidem
2781 3495 3008 3548 conte-

496 3597 829 3670 mnendus,
874 3607 1139 3678 praesto
1189 3597 1449 3676 fuisset,
1500 3598 1726 3662 Turici
1773 3619 1972 3674 vero,
2021 3597 2310 3684 quamvis
2339 3597 2778 3680 compluribus
2823 3595 3010 3659 libris

494 3706 648 3771 alibi
686 3705 937 3771 facilins
974 3709 1365 3775 inveniendis
1402 3711 1763 3788 destitutus,
1811 3712 1881 3774 id
1917 3722 2128 3775 tamen
2163 3710 2588 3794 reperiebam,
2637 3712 2812 3794 quod
2853 3731 3010 3774 nus-

497 3841 685 3903 quam
722 3820 844 3883 nisi
879 3821 945 3884 in
991 3822 1312 3887 carissima
1356 3824 1563 3906 patria
1611 3823 1676 3886 in
1715 3836 2022 3908 promptu
2060 3835 2231 3897 erat;
2276 3823 2808 3906 ,copiosissimum
2855 3822 3010 3884 dico
3123 3881 3125 3888 A

496 3941 865 4014 apparatum
896 3931 1382 4020 epigrapbiciim
1412 3937 1517 4006 Io,
1554 3935 1756 4001 Casr.
1791 3939 2302 4016 Hsonunvcmr,
2337 3934 2462 4000 viri
2491 3936 2554 3998 in
2583 3937 2712 3999 hoc
2741 3955 3006 4021 genere,

496 4043 611 4107 ubi
646 4043 1074 4130 diligentiam,
1124 4048 1576 4125 assiduitatem,
1624 4049 2094 4135 perspicaxque
2129 4049 2450 4134 ingenium
2488 4059 2768 4130 spectes,
2813 4046 3008 4112 facile

495 4153 843 4240 principit-13
890 4181 1019 4242 quo
1052 4159 1307 4244 quidem
1344 4174 1652 4244 apparatu
1681 4161 1852 4226 illins
1895 4175 2044 4244 post
2088 4165 2334 4229 obitum
2372 4183 2556 4227 nemo
2593 4163 2803 4225 adhuc
2841 4171 3010 4226 esset

496 4289 685 4346 usus,
752 4285 1076 4354 perpauca
1118 4272 1227 4336 illa
1278 4273 1333 4336 si
1380 4274 1698 4357 excipias,
1755 4295 1917 4360 quae
1969 4279 2360 4340 concedente
2402 4273 2856 4360 Hagenbucbii
2891 4293 3008 4358 ge·-

499 4403 659 4448 nero
706 4395 898 4469 atque
940 4387 1179 4450 herede
1226 4386 1742 4466 Steinbrychelio
1779 4388 1844 4450 in
1882 4389 2125 4452 Museo
2171 4387 2508 4453 Turicensi
2549 4409 2694 4451 cum
2739 4385 3006 4452 eruditis

501 4497 987 4572 communicavit
1050 4499 1475 4584 Hottingerus
1502 4544 1521 4578 ,
1613 4501 2000 4565 venerabilis
2057 4505 2378 4585 quondam
2435 4521 2613 4564 meus
2673 4500 3003 4586 mag-ister.

502 4611 731 4702 Ergo,
776 4609 1159 4698 simulatque
1202 4613 1351 4676 huic
1396 4613 1665 4699 negotio
1724 4613 1902 4678 licuit
1941 4635 2212 4690 vacare,
2277 4614 2725 4698 amplissimum
2781 4613 3004 4676 inscri-

498 4722 791 4804 ptionum
820 4723 1195 4787 Latinas-'um
1227 4725 1537 4788 delectum
1564 4726 1900 4791 instituere
1937 4729 2220 4804 decrevi,
2255 4726 2318 4789 in
2349 4749 2480 4811 quo
2511 4726 2792 4811 quidem,
2829 4725 3000 4799 stilo,
