3142 5450
450 318 789 421 ss“2
1295 318 2106 421 PRAEFATIQ

398 534 425 557 ⁸
446 538 702 591 mortno
748 526 1099 607 Hauboldo
1120 568 1139 599 ,
1194 522 1602 608 impatienter
1659 537 2100 608 exspectamus
2159 548 2197 589 a
2241 528 2594 615 Borghesii
2633 540 2700 594 et
2740 529 2978 615 Cape-

445 635 625 725 figuii
668 638 995 705 sollertia:
1044 635 1277 703 seriem
1318 636 1565 719 pariter
1607 637 2104 702 Praefectorum
2149 640 2316 705 Urbi
2360 640 2656 707 intactam
2693 643 2970 729 reliqui.

446 790 527 801 —
574 751 739 819 Cum
778 750 950 815 civili
989 761 1199 823 antem
1234 749 1507 819 historia
1542 749 1768 815 intima
1803 752 2070 835 quadam
2117 752 2579 837 necessitudine
2613 754 2972 820 'coniuncta

443 876 581 929 erat
636 863 915 927 literaria
936 908 955 939 ,
1020 863 1199 926 cuius
1244 863 1563 945 specimen
1605 863 1759 927 satis
1805 864 2078 945 amplum
2098 908 2118 940 ,
2179 864 2575 983 historicos7
2630 876 2966 945 oratores,

441 966 909 1061 philosophos-‚¹
942 978 1197 1057 poe’tas,
1246 974 1472 1053 ICtos,
1522 977 1817 1041 rhetores
1863 986 1926 1039 et
1970 977 2421 1061 grammaticos
2463 978 2529 1043 in
2565 980 2738 1044 saxis
2783 982 2969 1043 cele-

442 1093 671 1153 bratos
716 1089 1145 1171 complectens
1198 1088 1570 1181 composui,
1640 1088 1766 1165 ita,
1826 1100 1898 1151 ut
1937 1089 2066 1154 hoc
2109 1080 2362 1173 quidem
2404 1091 2468 1185 in
2513 1112 2752 1176 genere
2795 1092 2970 1157 nihil

440 1203 581 1267 fere
617 1202 1033 1299 desidet-etum
1124 1200 1378 1283 Quibus
1404 1200 1814 1282 pertractatis
1849 1204 2332 1285 procedendum
2365 1214 2526 1281 erat,
2563 1205 2840 1305 opinor,
2875 1209 2977 1272 ad.

439 1315 787 1400 religiones
850 1334 1083 1399 resque
1136 1336 1351 1377 sacras
1409 1314 1856 1388 illustrandas3
1915 1318 2094 1399 quod
2137 1315 2586 1399 gravissimum
2629 1329 2822 1401 caput
2865 1323 2966 1382 ita

440 1428 658 1503 divisi,
732 1438 803 1489 ut
859 1427 923 1489 in
980 1425 1201 1508 priore
1258 1438 1441 1510 parte
1498 1447 1934 1490 enumerarem
1989 1427 2201 1509 primo
2259 1428 2442 1493 Deos
2503 1432 2960 1497 Romanorum

435 1540 717 1625 patrios,
770 1550 957 1623 atque
1005 1561 1040 1602 a
1073 1541 1237 1624 Iove
1276 1560 1549 1603 exorsus
1585 1559 1705 1621 per
1745 1542 1982 1623 gradus
2019 1540 2098 1602 ad
2135 1541 2431 1623 Eponam
2470 1543 2960 1629 Mephitimque

438 1653 927 1729 descenderem,
976 1664 1109 1716 tum
1154 1674 1315 1717 vero
1356 1651 1684 1715 Italorum
1727 1650 2136 1735 municipales
2177 1652 2384 1730 Deos,
2434 1666 2499 1717 et
2539 1654 2956 1741 peregrinos,

434 1766 503 1829 id
544 1778 642 1831 est
682 1764 1004 1829 Asiaticos
1051 1775 1115 1827 et
1156 1764 1630 1849 Aegyptiacos,
1680 1786 1824 1827 cum
1869 1763 1993 1828 illis
2043 1766 2526 1845 consociarem,
2573 1770 2962 1853 tandemque

436 1878 790 1943 desinerem
849 1876 916 1940 in
977 1875 1241 1941 Gallicis
1264 1919 1283 1952 ,
1348 1877 1716 1959 Hispanicis
1741 1919 1762 1952 ,
1822 1876 1956 1941 eius
2023 1877 2278 1963 generis
2339 1878 2474 1943 aliis
2520 1880 2960 1965 anquirendis.

392 1970 587 2082 *Qua
632 1990 885 2073 quidem
943 1990 1009 2053 in
1066 2012 1179 2067 re,
1258 1990 1377 2053 etsi
1422 2000 1668 2053 certum
1714 1992 2027 2074 quendam
2071 2011 2147 2053 ac
2189 1990 2490 2055 facillime
2535 1991 2765 2077 cuique
2800 2015 2962 2076 pcr-

435 2103 801 2187 cipiendum
845 2102 1133 2167 ordinem
1178 2102 1459 2180 servavi,
1509 2104 1720 2186 probe
1759 2086 1970 2195 tamen
2017 2105 2180 2179 scio,
2228 2104 2399 2167 haud
2435 2104 2796 2183 defuturos,
2844 2104 2966 2191 qui

436 2238 581 2279 eum
622 2215 855 2279 acriter
898 2214 1023 2277 sint
1067 2214 1565 2298 reprehensuri,
1615 2228 1932 2300 tamquam
1971 2234 2180 2299 neque
2219 2218 2564 2281 obscurum
2601 2217 2788 2295 satis,
2835 2238 2960 2281 nec

435 2328 725 2411 ipsorum
789 2327 1201 2411 opinionibus
1260 2328 1782 2403 convenientem3
1851 2348 2014 2412 quos
2060 2326 2352 2412 equidem
2396 2344 2516 2394 suo
2558 2328 2789 2395 iudicio
2822 2329 2960 2393 frui
3041 2360 3052 2367 ·

442 2456 647 2525 aequo
672 2440 881 2503 animo
910 2440 1141 2523 patiar.
1192 2440 1555 2523 Simplicem
1580 2434 1788 2503 tamen
1817 2460 1937 2523 per
1961 2438 2326 2517 lectionem,
2367 2441 2472 2505 vel
2501 2441 2554 2506 si
2581 2434 2742 2505 haec
2769 2440 2956 2533 nimis

436 2552 635 2616 fuerit
679 2552 964 2618 taediosa
985 2597 1004 2628 ‚
1074 2552 1347 2615 indicum
1394 2563 1567 2615 certe
1615 2552 1854 2617 auxilio
1875 2596 1892 2629 ,
1957 2574 2120 2637 quae
2165 2552 2288 2615 sihi
2329 2574 2587 2639 quoque
2631 2554 2756 2618 sint
2795 2574 2956 2637 pro·

437 2666 655 2748 sutura
680 2708 700 2741 ,
746 2665 983 2748 passim
1014 2666 1376 2748 reperienti
1425 2663 1974 2749 meminerintque,
2023 2686 2292 2751 quaeso,
2339 2666 2552 2732 locum
2579 2666 2686 2730 bic
2712 2666 2954 2730 nullum

436 2779 659 2862 fuisse,
717 2800 924 2863 neque
954 2799 1159 2842 novae
1191 2789 1478 2842 veterum
1508 2776 1896 2862 religionum
1929 2778 2260 2842 doctrinae
2293 2781 2660 2844 condendae
2681 2823 2699 2856 ,
2741 2800 2951 2866 neque

436 2891 592 2974 ipsis
638 2890 1015 2954 assentandi.
1109 2890 1437 2974 Simplicia
1486 2893 1818 2954 dumtaxat
1857 2910 1976 2955 nos
2027 2901 2382 2968 sectamur,
2453 2891 2828 2956 testimoniis
2886 2904 2985 2956 et·

442 2997 831 3089 argumentis
880 3003 1121 3067 idoneis
1165 3002 1403 3088 ubique
1444 3003 1719 3079 firmata,
1767 3003 1942 3066 clara
1985 3015 2176 3089 atque
2207 3016 2420 3078 certa;
2466 3024 2630 3088 quae
2661 3004 2760 3068 his
2791 3023 2979 3082 con-A

435 3116 631 3182 traria
690 3128 867 3192 sunt,
945 3116 1155 3180 stultis
1222 3127 1287 3178 et
1326 3115 1595 3180 incautis
1655 3114 1962 3180 mirabilia
1983 3157 2002 3190 ,
2073 3115 2260 3180 nobis
2304 3137 2623 3202 nunquam
2672 3117 2817 3194 fiet,
2879 3128 2950 3179 ut

440 3231 771 3312 placeant3
834 3231 1187 3312 eodemque
1232 3231 1481 3292 tandem
1547 3249 1810 3306 omnes,
1871 3249 2107 3312 spero,
2167 3227 2558 3292 inclinabunt
2599 3227 2942 3313 philologi,

436 3343 551 3406 ubi
595 3342 881 3406 inanitas-
908 3342 1279 3427 vanitasque
1324 3340 1768 3424 doctrinarum
1786 3387 1806 3420 ,
1870 3361 2030 3426 quae
2075 3362 2242 3404 nune
2283 3339 2728 3419 invaluerxmt,
2797 3317 2958 3404 sati-‘0⁸

443 3455 569 3520 erit
611 3458 1067 3536 demonstrata.

610 3565 813 3632 Simili
858 3567 1080 3632 deinde
1110 3566 1359 3632 ratione
1390 3575 1681 3630 versatus
1713 3589 1852 3630 sum
1877 3565 1947 3628 in
1991 3566 2397 3642 sacerdotiis,
2448 3576 2720 3650 totoque
2765 3564 2939 3629 cultu

440 3680 660 3746 divino
714 3681 989 3763 lapidum
1050 3679 1427 3744 adminiculo
1492 3678 1920 3754 illustrandis;
1995 3678 2370 3764 quibuscum
2419 3689 2554 3742 arte
2599 3681 2942 3743 cohaerent

440 3794 659 3870 omnis,
689 3793 942 3878 generis
987 3792 1158 3870 ludi,
1206 3791 1608 3875 spectacula,
1671 3789 2040 3854 certamina.
2285 3875 2288 3878 ἦ
2837 3775 2857 3804 “”

578 3907 917 3988 'Quartam
976 3905 1272 3987 deinceps
1324 3925 1539 3968 rerum
1603 3907 2040 3970 Romanarum
2089 3903 2318 3968 seriem
2370 3903 2592 3968 exorsi
2640 3925 2850 3968 sumus
2903 3925 2940 3968 a

438 4019 875 4095 matrimonio,
936 4021 1148 4100 quod,
1198 4017 1484 4104 quamvis
1530 4019 1610 4080 ad
1654 4017 1850 4081 vitam
1897 4015 2306 4080 domesticam
2335 4017 2712 4100 civilemque
2739 4017 2938 4101 magis

360 4191 371 4200 .
436 4131 823 4216 pertineret,
868 4151 904 4192 a
942 4129 1340 4194 caerimoniis
1377 4143 1586 4192 tamen
1615 4129 1908 4194 Deorum
1937 4127 2388 4193 immortalium
2417 4129 2588 4192 haud
2618 4140 2785 4191 esset
2815 4129 2938 4194 dis-

430 4245 757 4316 iunctum3
802 4253 1028 4324 utpote
1066 4243 1268 4326 quod,
1311 4241 1696 4308 Modestino
1729 4251 2018 4316 auctore,
2071 4241 2267 4304 divini
2301 4253 2368 4306 et
2396 4241 2648 4305 humani
2676 4239 2830 4318 iuris
2859 4242 2942 4306 sit

361 4363 371 4386 ¹
438 4353 965 4428 communicatio;
997 4352 1205 4416 varias
1234 4366 1464 4435 postea
1485 4353 1980 4418 necessitudines
2005 4374 2040 4418 e
2069 4353 2304 4436 nuptiis
2327 4364 2529 4430 ortaS,
2561 4353 2935 4430 aenomina,

436 4487 713 4560 quorum
747 4466 1058 4552 perplexa
1080 4485 1268 4548 saepe
1293 4465 1458 4530 ratio
1484 4487 1567 4530 ex
1597 4449 2122 4548 inscriptionibus
2151 4467 2324 4529 haud
2353 4465 2664 4530 minimam
2695 4477 2938 4549 partem

437 4579 817 4663 explicatur,
852 4597 1069 4644 sumus
1097 4577 1443 4662 persecuti.
1531 4578 1716 4661 Quae
1747 4558 1956 4644 omnia
1992 4599 2186 4664 quum
2219 4582 2298 4644 ad
2332 4579 2656 4665 ingenuos
2681 4578 2942 4664 potissi-

436 4715 605 4756 mum
626 4702 1019 4777 spectarent,
1067 4691 1241 4755 servi
1262 4689 1473 4754 statim
1496 4702 1567 4754 ut
1589 4692 1686 4754 his
1711 4703 2220 4776 opponerentur,
2247 4704 2384 4756 erat
2407 4703 2890 4760 consentaneum
2919 4717 2938 4768 ;
