3142 5450
426 491 676 539 tituloriuu
720 488 839 535 fides
879 490 1187 548 antiquorum
1229 490 1507 537 labefactari
1556 494 1606 536 et
1645 491 1798 535 everti
1839 490 2078 541 videtur?
2113 514 2178 525 -—
2217 510 2283 525 -
2320 492 2440 547 ‚Me
2481 460 2982 549 vero⁹experientia·

426 580 616 635 docuit,
650 584 787 625 cante
818 578 1200 633 procedendum,
1240 577 1321 623 ubi
1352 580 1408 623 de
1448 579 1654 637 antiquis
1694 570 1822 624 saxis
1853 580 2045 639 agitur3
2079 580 2222 626 facile
2251 592 2454 638 namque
2487 585 2562 625 est
2589 582 2955 637 suppositionis

398 644 588 714 ‘notam
621 667 879 726 appingere
916 668 1239 721 documentis,
1286 680 1407 725 quae
1450 672 1608 713 tamen
1646 668 1771 713 falsa
1807 682 1902 712 non
1932 670 2094 714 sunt.”
2189 666 2260 712 Ita
2295 670 2570 713 rectissimo
2607 666 2786 715 iudicio
2823 682 2954 713 usus

423 756 596 816 Lupus
630 756 679 801 iu
720 752 990 813 Epitaphio
1030 754 1085 799 S.
1129 754 1361 799 Sem-ae.
1399 768 1509 815 pag.
1559 754 1643 801 19.
1686 780 1752 789 —
1793 757 2032 802 Videlicet
2071 762 2266 814 praeter
2315 772 2404 811 ea,
2459 772 2582 816 quae
2629 762 2793 803 notata
2829 762 2955 801 sunt

424 860 452 891 a
490 841 718 897 Klotzio,
774 844 825 887 iu
862 842 951 886 hoc
997 856 1183 901 quoque
1218 856 1443 899 peccasse
1484 844 1671 888 videtur
1706 844 2063 899 MAFFEIVS,
2127 846 2261 889 cuius
2309 846 2496 904 reliqna
2529 848 2700 891 merita
2735 847 2952 890 immor-

423 934 539 979 talia
572 946 713 978 nemo
746 944 823 975 me
865 930 1092 975 libentius
1139 932 1381 991 agnoscit,
1434 932 1558 989 quod
1603 932 1753 976 sicubi
1811 934 1992 979 insoliti
2039 934 2218 991 aliquid
2259 948 2354 978 non
2397 936 2555 983 solum
2601 936 2652 979 in
2695 918 2952 979 sermonis

424 1022 612 1075 forma,
658 1020 741 1065 sed
785 1020 930 1065 etiam
958 1020 1007 1064 in
1044 1020 1317 1065 nominibus
1353 1020 1599 1077 propriis,
1639 1021 1688 1064 in
1725 1020 1992 1065 honoribus
2033 1028 2084 1067 et
2123 1021 2324 1078 publicis
2361 1028 2408 1067 et
2442 1023 2844 1079 municipalibus,
2891 1024 2950 1066 in

342 1172 347 1177 β
424 1110 597 1155 officiis
630 1108 899 1154 minoribus
935 1121 991 1155 ac
1020 1107 1304 1162 servilibus,
1350 1110 1397 1153 in
1446 1108 1726 1153 muneribus
1767 1109 2086 1165 militaribus,
2153 1110 2201 1155 in
2243 1109 2389 1155 rebus
2433 1112 2624 1156 tandem
2677 1112 2834 1157 sacris
2897 1115 2958 1155 et

423 1198 636 1243 Deorum
670 1197 874 1241 maxime
910 1197 1266 1251 municipalium
1314 1198 1768 1243 commemoratione
1817 1202 2130 1253 occurreret,
2180 1199 2262 1243 ille
2295 1200 2438 1244 nimis
2476 1200 2647 1244 leviter
2683 1200 2850 1243 statim
2879 1199 2948 1241 de

424 1286 600 1331 talibus
644 1284 1004 1340 subdubitaret,
1042 1286 1118 1331 vel
1157 1299 1213 1331 ea
1254 1298 1457 1341 prorsus
1492 1285 1748 1331 reiiceret:
1795 1300 1976 1344 neque,
2023 1288 2134 1331 dum
2163 1287 2320 1331 fallaci
2357 1288 2498 1332 nimis
2527 1286 2732 1331 arbitrio
2769 1292 2950 1331 cuneta

424 1376 483 1418 ad
521 1375 798 1419 Italicorum
830 1363 935 1418 fere
966 1374 1195 1433 amussim
1227 1374 1403 1432 exigit,
1452 1377 1567 1419 satis
1607 1375 1808 1419 attendit
1835 1376 1892 1418 ad
1925 1388 2030 1419 eam
2066 1390 2252 1433 quoquc
2283 1380 2563 1441 perpetuam
2587 1376 2946 1428 diversitatem,

424 1476 545 1521 quae
592 1463 717 1507 inter
758 1463 1005 1508 variorum
1040 1463 1327 1517 populorum
1369 1442 1612 1507 Romanae
1654 1462 1822 1507 ditioni
1857 1463 2182 1509 subiectorum
2220 1463 2386 1509 titulos
2423 1464 2694 1509 intercedit.
2793 1463 2944 1519 Quod

422 1564 541 1595 vero
576 1547 811 1597 Klotzius
846 1550 1099 1596 verissime
1134 1554 1297 1597 monet
1337 1551 1395 1596 de
1438 1551 1676 1595 sermonis
1719 1552 2018 1597 affectatione
2061 1551 2108 1595 in
2153 1552 2282 1597 saxis
2331 1566 2473 1611 quam
2510 1552 2731 1609 plurimis
2770 1564 2828 1595 ac
2865 1556 2944 1593 tu-

422 1650 559 1705 more
582 1671 595 1694 ,
636 1639 859 1684 diuturno
896 1652 985 1683 usu
1024 1639 1221 1686 edoctus
1258 1638 1347 1685 boc
1379 1637 1666 1684 observasse
1703 1618 1818 1683 inibi
1857 1640 2059 1695 videor,
2099 1640 2224 1685 idem
2261 1640 2401 1696 plane
2439 1640 2496 1685 de
2539 1638 2942 1695 inscriptionibus

422 1730 584 1773 valere
615 1758 629 1781 ,
682 1728 808 1785 quod
843 1722 1143 1781 Gramen-ue,
1188 1726 1402 1783 peracuti
1443 1727 1518 1770 vir
1559 1727 1740 1785 ingenii
1777 1732 1826 1773 et
1868 1728 2202 1783 doctissimus,
2265 1729 2414 1797 variis
2458 1728 2690 1783 exemplis
2738 1728 2944 1771 demon-

341 1820 349 1825 ’
422 1816 593 1863 stravit
624 1815 673 1859 in
715 1815 973 1869 ICtorum,
1012 1816 1175 1874 legum
1208 1820 1259 1859 et
1285 1814 1681 1862 constitutionum
1719 1816 1832 1861 stilo
1867 1816 2072 1861 serioris
2103 1817 2408 1871 potissimum
2444 1817 2620 1860 aetatis
2660 1814 2941 1871 „ampullas

425 1908 473 1949 et
507 1902 857 1961 sesquipedalia
891 1902 1040 1947 verba
1056 1903 1084 1923 ’'
1128 1907 1473 1958 captante,.ac
1515 1907 1716 1958 propter
1763 1904 1915 1958 ipsam
1962 1904 2300 1961 loquacitatem
2343 1906 2532 1949 inanem
2571 1894 2716 1958 'saepe
2759 1902 2950 1947 obscu-

421 1993 575 2039 riore.
614 1991 682 2047 (v.
725 1989 957 2051 Saoigny
994 1986 1291 2049 zeitschr-{fl
1308 1986 1411 2049 fiir
1446 1986 1988 2051 Rechtswissensclwst
2026 1992 2089 2036 Τ.
2121 1989 2174 2035 2.
2223 2006 2270 2049 p.
2303 1988 2446 2047 289.)
2517 1991 2764 2036 similibus
2805 1990 2946 2035 enim

424 2094 565 2145 quam
600 2078 805 2123 maxime
847 2080 1081 2138 gaudent,
1121 2092 1241 2137 quae
1276 2082 1446 2137 quarto
1482 2080 1646 2125 seculo
1682 2083 1883 2125 exeunte
1922 2084 1970 2123 et
2004 2080 2172 2137 quinto
2211 2079 2388 2123 incisae
2426 2084 2536 2123 sunt
2571 2078 2940 2134 inscriptiones,

423 2169 629 2227 turgidis
672 2168 895 2213 formulis
940 2167 1149 2213 refertae
1192 2180 1248 2212 ac
1291 2167 1556 2225 verbosae3
1613 2168 1851 2213 decrescit
1891 2168 2058 2213 deinde
2103 2172 2261 2213 tumor
2303 2154 2550 2222 paullatim
2591 2168 2698 2212 inde
2735 2171 2871 2212 retro
2907 2181 2944 2209 a

424 2256 663 2313 Septimio
700 2256 911 2309 Severo,
950 2256 1133 2301 maiore
1170 2256 1314 2304 etiam
1346 2256 1648 2311 simplicitate
1692 2269 1744 2301 se
1783 2256 2114 2301 commendant
2149 2255 2533 2311 praecedentium
2569 2256 2938 2312 imperatorum,

330 2390 334 2403 ,
424 2346 794 2403 magistratuum
830 2348 879 2389 et
906 2348 1207 2401 privatorum
1238 2344 1483 2389 bominum
1512 2344 1668 2399 tituli,
1709 2343 2064 2399 simplicissima
2092 2344 2292 2401 denique
2311 2348 2434 2387 sunt
2461 2345 2730 2401 Augusteae
2767 2341 2946 2387 aetatis

423 2437 474 2477 et
507 2438 777 2488 temporum
810 2432 987 2477 veteris
1023 2433 1095 2481 rei
1133 2432 1351 2487 publicae
1386 2436 1711 2479 monumenta.

568 2519 927 2567 MMTTAIRE
978 2518 1248 2576 (ΜίσΙιαϊὶ)
1293 2522 1403 2575 „Ad
1446 2534 1557 2567 suas
1605 2520 1982 2567 Observationes
2023 2534 2138 2566 usus
2179 2526 2254 2567 est
2299 2521 2452 2565 tribus
2497 2518 2788 2564 oxoniensis
2837 2518 2942 2563 edi-

424 2610 572 2655 tionis
606 2609 868 2663 exemplis,
908 2610 967 2652 ad
998 2622 1120 2665 quae
1156 2606 1377 2655 Thnmm
1406 2606 1664 2663 Smithus,
1703 2608 1776 2654 Io.
1814 2608 2134 2665 Pam-sonus,
2173 2614 2222 2655 et
2258 2608 2376 2654 Gal.
2416 2604 2678 2666 stratford
2705 2607 2943 2664 quaedam

424 2700 743 2755 adscripsere.
835 2697 889 2744 ln
943 2697 1018 2744 his
1068 2698 1215 2758 igitur
1260 2698 1678 2744 observationibus
1733 2699 1985 2759 diligenter
2039 2702 2174 2744 notat
2223 2696 2644 2742 MMTTAImvs
2697 2696 2938 2740 diversam

424 2788 680 2834 lectionem
717 2801 811 2832 non
845 2787 991 2830 modo
1029 2787 1267 2834 editorum
1302 2788 1637 2842 diversorum,
1677 2790 1760 2833 sed
1801 2785 2306 2846 etiam'singulorum,
2361 2800 2390 2829 a
2431 2799 2482 2830 se
2526 2785 2644 2840 ipsis
2682 2784 2940 2842 aliquando

426 2875 775 2922 dissidentium.
848 2875 974 2933 Quid
1010 2877 1169 2931 ipsum
1202 2875 1533 2932 impediverit,
1598 2889 1691 2934 quo
1733 2876 1890 2922 minus
1927 2875 1986 2920 ad
2023 2875 2132 2932 ipsa
2167 2873 2463 2934 autographa
2501 2873 2686 2929 lapidea
2721 2873 2944 2931 exigeret

377 2965 385 2968 ”
426 2964 475 3008 id
514 2977 664 3022 genus
700 2964 987 3018 varietates,
1027 2949 1191 3023 'neque
1234 2964 1339 3020 ipse
1382 2969 1756 3020 commemorat,
1815 2977 1967 3022 neque
2009 2969 2230 3008 nostrum
2271 2967 2345 3024 est
2387 2962 2652 3007 divinare.”
2689 2967 2780 3007 cet.
2819 2961 2935 3006 Act.

427 3049 589 3098 Erud.
630 3049 773 3111 Lips.
815 3049 966 3098 1734.
1016 3065 1065 3108 p.
1114 3051 1198 3100 51.
1240 3074 1308 3086 --
1342 3033 1412 3098 Ad
1446 3053 1744 3112 autographa
1789 3051 2210 3098 MAITTAIRIVS
2253 3057 2338 3096 c'ur
2373 3063 2467 3094 non
2493 3051 2730 3108 exegerit
2762 3043 2938 3096 editio-

354 3153 361 3161 ·
426 3155 537 3186 nem
572 3151 737 3194 suam,
786 3139 927 3184 facile
965 3144 1039 3184 est
1067 3141 1314 3198 divinare3
1354 3141 1464 3200 quia
1499 3140 1706 3186 Londini
1741 3141 1839 3185 iam
1879 3154 2028 3186 senex
2063 3141 2194 3184 illam
2232 3145 2282 3184 et
2313 3139 2508 3182 molitus
2546 3143 2652 3194 est,
2692 3143 2740 3182 et
2773 3137 2939 3182 absol-

428 3229 529 3283 vit,
568 3229 735 3284 procul
770 3228 830 3272 ab
868 3229 1175 3288 autographis
1210 3228 1391 3274 Oxonii
1428 3228 1796 3285 conspiciendis.
1840 3250 1906 3261 —-
1943 3228 2222 3273 HAGENB.

566 3313 891 3362 MALVA'SIA
939 3313 1171 3373 (Cur-olus
1224 3313 1433 3372 Caesar)
1482 3318 1535 3361 ln
1600 3318 1704 3366 eius
1767 3314 2116 3362 Mai-moribus
2173 3314 2422 3362 Felsineis
2485 3316 2650 3370 spuria
2703 3295 2938 3372 quaedam

428 3406 755 3461 reperiuntur.
794 3417 841 3448 v.
880 3401 1081 3466 Dlaffsii
1112 3407 1172 3451 Α.
1213 3404 1271 3449 C.
1311 3404 1368 3449 L.
1408 3418 1458 3461 p.
1498 3402 1619 3449 216.
1659 3409 1708 3450 et
1744 3401 1861 3450 471.
1934 3405 2106 3450 Eidem
2151 3391 2515 3448 MALVASIAQ:
2563 3405 2749 3449 sincera
2799 3403 2930 3446 vide-

425 3493 569 3538 batur
605 3491 927 3538 famosissima
962 3493 1047 3537 ina
1082 3491 1233 3536 Aelia
1265 3491 1445 3538 Laelia
1484 3489 1682 3552 crispis
1725 3489 1850 3552 [non
1891 3499 2013 3537 nata
2059 3506 2339 3553 resurgens
2387 3489 2582 3562 Borion.
2625 3488 2778 3536 1683.
2817 3487 2935 3548 fob]

428 3582 663 3642 singulari
698 3581 825 3625 libro
861 3581 921 3628 ab
958 3595 1017 3626 eo
1052 3583 1323 3627 illustrata.-
1404 3581 1475 3626 Ea
1523 3595 1640 3626 vero
1688 3581 1758 3627 sic
1795 3580 1967 3644 babet,
2029 3595 2088 3625 ne
2124 3581 2239 3625 alibi
2276 3594 2382 3625 cum
2419 3581 2650 3635 temporis
2685 3581 2936 3632 dispendio

430 3671 514 3715 tibi
552 3671 615 3715 sit
649 3669 954 3729 quaerenda:
1027 3668 1096 3716 D.
1134 3666 1210 3714 M.
1256 3675 1277 3717 ΙΙ
1319 3667 1465 3714 Aelia
1498 3667 1678 3714 Laelia
1721 3665 1919 3726 Crispi·
1963 3673 1984 3718 11
2025 3666 2130 3714 Nec
2167 3669 2244 3714 vir
2279 3682 2369 3712 nec
2401 3669 2586 3712 unalia:-
2621 3682 2712 3712 ηει-
2750 3667 2936 3712 andro-

428 3771 577 3818 gyna
619 3759 638 3807 ΙΙ
679 3755 785 3802 Nee
826 3757 1003 3815 puella
1049 3769 1139 3802 nec
1188 3757 1383 3802 iuvenis
1428 3771 1519 3802 nee
1566 3769 1697 3802 anus
1739 3761 1760 3804 Ι1
1811 3755 1919 3802 Nec
1953 3762 2099 3801 casta
2133 3769 2224 3800 nec
2259 3757 2508 3802 meretrix
2544 3771 2636 3800 nec
2669 3755 2862 3814 pudiea
2907 3761 2928 3804 ll

430 3845 533 3891 Sed
578 3846 748 3890 omnia
802 3851 823 3894 ll
877 3845 1085 3890 Sublata
1138 3847 1159 3894 ΙΙ
1212 3843 1381 3904 Neque
1416 3841 1565 3904 same
1615 3857 1768 3905 neque
1803 3839 1960 3902 scre-o
2007 3857 2164 3903 neque
2212 3857 2395 3889 veneno
2438 3849 2458 3892 ll
2501 3843 2602 3889 sed
2633 3843 2862 3888 nautibus

428 3932 537 3980 Nec
572 3935 709 3979 coelo
743 3947 834 3978 nec
870 3935 1018 3994 aquis
1054 3947 1146 3978 nec
1182 3936 1339 3978 terris
1379 3936 1400 3982 11
1447 3933 1549 3980 Sed
1585 3933 1762 3991 ubae'que
1799 3934 1932 3977 iacet
1972 3934 1993 3982 11
2037 3932 2226 3978 Lucius
2259 3930 2459 3992 Agatho
2493 3931 2724 3978 Priscian
2769 3937 2788 3982 ΙΙ
2829 3929 2936 3978 Nec

434 4023 653 4067 maritus
680 4037 777 4082 paee
812 4029 1009 4066 ‹emator
1043 4035 1133 4067 nec
1170 4022 1493 4068 necessariae
1538 4025 1559 4072 ll
1601 4019 1770 4081 Neque
1807 4034 2036 4065 moerens
2072 4035 2229 4080 neque
2267 4019 2500 4081 gaudens
2536 4035 2690 4079 neque
2727 4019 2866 4083 flens
2909 4023 2930 4069 ΙΙ

434 4109 580 4156 Hune
620 4115 641 4160 11
682 4109 787 4156 Nec
822 4112 1000 4155 molem
1034 4124 1125 4156 nec
1152 4109 1481 4169 pyramidem
1514 4123 1606 4154 nse
1643 4110 1932 4168 sepulcrum
1973 4113 1994 4158 ll
2035 4107 2140 4154 Sed
2171 4109 2342 4154 omnia
2379 4111 2403 4154 11
2447 4107 2555 4154 Scit
2589 4109 2636 4152 et
2667 4108 2828 4168 nesci!
2851 4107 2936 4152 σιιί

428 4200 681 4258 posuerit.
727 4203 750 4245 ll
791 4220 858 4235 -·-
937 4200 1160 4246 ononiae.
1202 4221 1268 4232 -
1308 4198 1414 4254 lpse
1454 4197 1775 4242 MALVASIA
1812 4195 1998 4242 XLlll.
2073 4197 2222 4242 Viros
2260 4197 2426 4241 doctos
2463 4203 2710 4253 recenset,
2762 4198 2840 4254 qui
2890 4197 2936 4240 in

394 4287 511 4332 'diis
546 4287 685 4345 nugis
720 4287 1006 4332 extricandis
1042 4287 1501 4342 interpretandisque
1539 4286 1782 4331 oleum-et
1819 4297 2016 4339 operam
2070 4284 2408 4340 perdiderant,
2461 4285 2634 4342 quihus
2681 4289 2793 4340 post
2817 4297 2938 4338 ,eum

438 4389 717 4420 successere
755 4375 837 4418 alii
876 4385 969 4420 non
1004 4374 1161 4420 minus
1198 4375 1352 4421 stulti'.
1395 4375 1500 4420 cfr.
1542 4373 1806 4420 marm-211
1843 4376 1902 4418 A.
1931 4373 2002 4419 ¹C.
2043 4372 2102 4416 L.
2143 4386 2193 4429 p.
2235 4370 2354 4417 472.

575 4460 1013 4507 MARCANOVAE
1064 4461 1309 4516 (Ioannis)
1358 4461 1558 4506 schedae
1611 4463 1791 4518 passim
1829 4463 2163 4520 impugnantur
2199 4475 2228 4503 a
2263 4457 2472 4522 Illaffeio
2506 4475 2552 4506 v.
2594 4475 2641 4514 c,
2676 4463 2734 4509 A.
2775 4461 2836 4506 C.
2875 4461 2980 4508 L!

438 4565 487 4608 p.
538 4547 658 4596 323.
712 4547 829 4596 329.
884 4555 931 4594 et
976 4554 1168 4610 notante
1218 4547 1551 4598 Tiraboscliio
1587 4549 1759 4597 Stoi-icc
1806 4548 1940 4594 della
1985 4549 2090 4592 len.
2142 4547 2258 4593 Ital.
2313 4549 2376 4592 Τ.
2419 4545 2466 4594 6.
2521 4549 2580 4594 P.
2625 4549 2674 4594 1.
2725 4563 2773 4604 p.
2817 4546 2934 4607 307.

442 4642 579 4700 longe
616 4640 845 4696 plura=ex
882 4639 1089 4684 aliorum
1125 4635 1439 4696 apographis,
1482 4653 1622 4697 quam
1659 4651 1718 4683 ex
1754 4639 1872 4697 ipsis
1909 4636 2146 4692 lapidibus
2183 4637 2368 4681 videtur
2405 4637 2791 4692 transcripsisse.

579 4711 891 4772 MARTENR
942 4723 1275 4783 (Edmundus)
1322 4731 1371 4772 et
1419 4726 1676 4772 DURAND
1727 4724 1988 4781 (Ursinus)
2041 4722 2247 4784 Voyuge
2296 4723 2546 4772 little-aire
2581 4723 2641 4769 de
2675 4724 2812 4770 deux
2849 4724 2940 4772 Re-

2261 4832 2264 4862 ι
